
  <record>
    <leader>01000aam  22002601a 4500</leader>
    <controlfield tag="001">YPZ437</controlfield>
    <controlfield tag="003">YPZ</controlfield>
    <controlfield tag="005">200406030000000</controlfield>
    <controlfield tag="008">040603|###########||||||b||||||||||spa|d</controlfield>
    <datafield tag="040" ind1=" " ind2=" ">
      <subfield code="c">SIUNPA</subfield>
    </datafield>
    <datafield tag="041" ind1=" " ind2=" ">
      <subfield code="a">spa</subfield>
    </datafield>
    <datafield tag="044" ind1=" " ind2=" ">
      <subfield code="a">AR</subfield>
    </datafield>
    <datafield tag="080" ind1=" " ind2=" ">
      <subfield code="a">F37.015.3 M684m</subfield>
    </datafield>
    <datafield tag="100" ind1=" " ind2=" ">
      <subfield code="a">Schrag, Peter.</subfield>
    </datafield>
    <datafield tag="700" ind1=" " ind2=" ">
      <subfield code="a">Divoky, Diane.</subfield>
    </datafield>
    <datafield tag="245" ind1=" " ind2=" ">
      <subfield code="a">El mito del niño hiperactivo (II) y otras formas de control infantil</subfield>
      <subfield code="c"> / Lugones, Soledad, tr.</subfield>
    </datafield>
    <datafield tag="260" ind1=" " ind2=" ">
      <subfield code="a">Buenos Aires</subfield>
      <subfield code="c"> , [2000]</subfield>
    </datafield>
    <datafield tag="500" ind1=" " ind2=" ">
      <subfield code="a">Contiene: Hiperactividad diagnóstico / Marcel Kinsbourne -- Prestemos atención a los contextos hiperactivos / Alicia Fernández, coord.; Jorge Gonçalves da Cruz, coord. -- Trastornos por déficit de atención y comportamiento perturbador -- A.D.D.: ¿desatentos o desantendidos? / Jorge Gonçalves da Cruz -- Sufrimiento infantil: implicaciones sociales y psiquiátricas / Juan Carlos Stagnaro -- Fronteras entre lo biológico y lo psicológico / Pedro Kestelman. Fotocopia.</subfield>
    </datafield>
    <datafield tag="650" ind1=" " ind2=" ">
      <subfield code="a"> PSICOLOGIA DE LA EDUCACION</subfield>
    </datafield>
    <datafield tag="650" ind1=" " ind2=" ">
      <subfield code="a"> HIPERCINESIS</subfield>
    </datafield>
    <datafield tag="650" ind1=" " ind2=" ">
      <subfield code="a"> TRASTORNOS DE LA ATENCION</subfield>
    </datafield>
    <datafield tag="942" ind1=" " ind2=" ">
      <subfield code="c">FL</subfield>
    </datafield>
    <datafield tag="952" ind1=" " ind2=" ">
      <subfield code="a">BIB_RECT</subfield>
      <subfield code="b">BIB_UARG</subfield>
      <subfield code="d">2005-08-23</subfield>
      <subfield code="y">FL</subfield>
      <subfield code="p">05-24432</subfield>
      <subfield code="i">05-24432</subfield>
      <subfield code="g">8</subfield>
      <subfield code="o">F37.015.3 M684m</subfield>
      <subfield code="e">Donación APEP/03</subfield>
      <subfield code="8">CG</subfield>
    </datafield>
  </record>