
  <record>
    <leader>01000aam  22002601a 4500</leader>
    <controlfield tag="001">YPZ659</controlfield>
    <controlfield tag="003">YPZ</controlfield>
    <controlfield tag="005">200411100000000</controlfield>
    <controlfield tag="008">041110|###########||||||b||||||||||spa|d</controlfield>
    <datafield tag="040" ind1=" " ind2=" ">
      <subfield code="c">SIUNPA</subfield>
    </datafield>
    <datafield tag="041" ind1=" " ind2=" ">
      <subfield code="a">spa</subfield>
    </datafield>
    <datafield tag="044" ind1=" " ind2=" ">
      <subfield code="a">AR</subfield>
    </datafield>
    <datafield tag="080" ind1=" " ind2=" ">
      <subfield code="a">F338.1 Z91in</subfield>
    </datafield>
    <datafield tag="100" ind1=" " ind2=" ">
      <subfield code="a">Zárate, Rubén.</subfield>
    </datafield>
    <datafield tag="700" ind1=" " ind2=" ">
      <subfield code="a">Artesi, Liliana.</subfield>
    </datafield>
    <datafield tag="700" ind1=" " ind2=" ">
      <subfield code="a">Martínez Llaneza, Daniel Jorge.</subfield>
    </datafield>
    <datafield tag="245" ind1=" " ind2=" ">
      <subfield code="a">Integración y desarrollo regional en la Patagonia austral</subfield>
      <subfield code="b"> : las nuevas perspectivas</subfield>
    </datafield>
    <datafield tag="260" ind1=" " ind2=" ">
      <subfield code="a">Río Gallegos</subfield>
      <subfield code="b"> : Universidad Nacional de la Patagonia Austral</subfield>
      <subfield code="c"> , 1999</subfield>
    </datafield>
    <datafield tag="500" ind1=" " ind2=" ">
      <subfield code="a">Ponencia presentadas en las Jornadas Interuniversitarias Preliminares. Taller: La integración regional en el contexto de la economía mundial tendencias y perspectivas (Buenos Aires, 1999)</subfield>
    </datafield>
    <datafield tag="650" ind1=" " ind2=" ">
      <subfield code="a"> ECONOMIA REGIONAL</subfield>
    </datafield>
    <datafield tag="650" ind1=" " ind2=" ">
      <subfield code="a"> INTEGRACION REGIONAL</subfield>
    </datafield>
    <datafield tag="650" ind1=" " ind2=" ">
      <subfield code="a"> INTEGRACION ECONOMICA</subfield>
    </datafield>
    <datafield tag="650" ind1=" " ind2=" ">
      <subfield code="a"> DESARROLLO REGIONAL</subfield>
    </datafield>
    <datafield tag="650" ind1=" " ind2=" ">
      <subfield code="a"> REGION PATAGONICA</subfield>
    </datafield>
    <datafield tag="942" ind1=" " ind2=" ">
      <subfield code="c">FL</subfield>
    </datafield>
    <datafield tag="952" ind1=" " ind2=" ">
      <subfield code="a">BIB_RECT</subfield>
      <subfield code="b">BIB_UARG</subfield>
      <subfield code="d">2005-08-23</subfield>
      <subfield code="y">FL</subfield>
      <subfield code="p">05-26098</subfield>
      <subfield code="i">05-26098</subfield>
      <subfield code="g">8.4</subfield>
      <subfield code="o">F338.1 Z91in</subfield>
      <subfield code="e">Proyecto de investig</subfield>
      <subfield code="8">CG</subfield>
    </datafield>
  </record>