
  <record>
    <leader>01000aam  22002601a 4500</leader>
    <controlfield tag="001">YPZ975</controlfield>
    <controlfield tag="003">YPZ</controlfield>
    <controlfield tag="005">200506010000000</controlfield>
    <controlfield tag="008">050601|###########||||||b||||||||||spa|d</controlfield>
    <datafield tag="040" ind1=" " ind2=" ">
      <subfield code="c">SIUNPA</subfield>
    </datafield>
    <datafield tag="041" ind1=" " ind2=" ">
      <subfield code="a">spa</subfield>
    </datafield>
    <datafield tag="044" ind1=" " ind2=" ">
      <subfield code="a">AR</subfield>
    </datafield>
    <datafield tag="080" ind1=" " ind2=" ">
      <subfield code="a">F81'23 L566l</subfield>
    </datafield>
    <datafield tag="245" ind1=" " ind2=" ">
      <subfield code="a">El lenguaje, su estructura y funciones</subfield>
      <subfield code="b"> : acto académico realizado con motivo del 15º aniversario de APINEP</subfield>
    </datafield>
    <datafield tag="260" ind1=" " ind2=" ">
      <subfield code="a">Buenos Aires</subfield>
      <subfield code="b"> : Asociación para la Investigación Neuropsicológica</subfield>
      <subfield code="c"> , 1982</subfield>
    </datafield>
    <datafield tag="300" ind1=" " ind2=" ">
      <subfield code="a">[42] p. : </subfield>
    </datafield>
    <datafield tag="650" ind1=" " ind2=" ">
      <subfield code="a"> PSICOLINGÜISTICA</subfield>
    </datafield>
    <datafield tag="650" ind1=" " ind2=" ">
      <subfield code="a"> LENGUAJE</subfield>
    </datafield>
    <datafield tag="942" ind1=" " ind2=" ">
      <subfield code="c">FL</subfield>
    </datafield>
    <datafield tag="952" ind1=" " ind2=" ">
      <subfield code="a">BIB_RECT</subfield>
      <subfield code="b">BIB_UASJ</subfield>
      <subfield code="d">2005-08-23</subfield>
      <subfield code="y">FL</subfield>
      <subfield code="p">04-27640</subfield>
      <subfield code="i">04-27640</subfield>
      <subfield code="g">5</subfield>
      <subfield code="o">F81'23 L566l</subfield>
      <subfield code="e">Canje SIUNPA/05</subfield>
      <subfield code="8">CG</subfield>
    </datafield>
  </record>