
  <record>
    <leader>01000aam  22002601a 4500</leader>
    <controlfield tag="001">YPZ3724</controlfield>
    <controlfield tag="003">YPZ</controlfield>
    <controlfield tag="005">200503150000000</controlfield>
    <controlfield tag="008">050315|###########||||||b||||||||||spa|d</controlfield>
    <datafield tag="020" ind1=" " ind2=" ">
      <subfield code="a">9507660429</subfield>
    </datafield>
    <datafield tag="040" ind1=" " ind2=" ">
      <subfield code="c">SIUNPA</subfield>
    </datafield>
    <datafield tag="041" ind1=" " ind2=" ">
      <subfield code="a">spa</subfield>
    </datafield>
    <datafield tag="044" ind1=" " ind2=" ">
      <subfield code="a">AR</subfield>
    </datafield>
    <datafield tag="080" ind1=" " ind2=" ">
      <subfield code="a">F338.246 P218c</subfield>
    </datafield>
    <datafield tag="100" ind1=" " ind2=" ">
      <subfield code="a">Paprocki, Eduardo Bruno.</subfield>
    </datafield>
    <datafield tag="700" ind1=" " ind2=" ">
      <subfield code="a">Barrionuevo, Gustavo Hugo.</subfield>
    </datafield>
    <datafield tag="245" ind1=" " ind2=" ">
      <subfield code="a">El control de las privatizaciones antes, durante y después</subfield>
    </datafield>
    <datafield tag="260" ind1=" " ind2=" ">
      <subfield code="a">Posadas</subfield>
      <subfield code="b"> : Facultad de Ciencias Económicas, Universidad Nacional de Misiones</subfield>
      <subfield code="c"> , 1995</subfield>
    </datafield>
    <datafield tag="300" ind1=" " ind2=" ">
      <subfield code="a">20 p. : </subfield>
      <subfield code="b">il. ; </subfield>
    </datafield>
    <datafield tag="440" ind1=" " ind2=" ">
      <subfield code="a">Serie estudios y perspectivas</subfield>
      <subfield code="a">Colección jugando con la ciencia</subfield>
      <subfield code="a">Colección jugando con la ciencia</subfield>
      <subfield code="a">Colección jugando con la ciencia</subfield>
      <subfield code="a">Colección jugando con la ciencia</subfield>
      <subfield code="a">Colección jugando con la ciencia</subfield>
      <subfield code="a">Colección jugando con la ciencia</subfield>
      <subfield code="a">Colección jugando con la ciencia</subfield>
      <subfield code="a">Colección jugando con la ciencia</subfield>
      <subfield code="a">Serie Ciencia y Tecnología en la UBA</subfield>
      <subfield code="a">Cuadernos de económicas. Area contabilidad</subfield>
      <subfield code="v">no. 1</subfield>
    </datafield>
    <datafield tag="490" ind1=" " ind2=" ">
      <subfield code="a">Serie estudios y perspectivas</subfield>
      <subfield code="a">Colección jugando con la ciencia</subfield>
      <subfield code="a">Colección jugando con la ciencia</subfield>
      <subfield code="a">Colección jugando con la ciencia</subfield>
      <subfield code="a">Colección jugando con la ciencia</subfield>
      <subfield code="a">Colección jugando con la ciencia</subfield>
      <subfield code="a">Colección jugando con la ciencia</subfield>
      <subfield code="a">Colección jugando con la ciencia</subfield>
      <subfield code="a">Colección jugando con la ciencia</subfield>
      <subfield code="a">Serie Ciencia y Tecnología en la UBA</subfield>
      <subfield code="a">Cuadernos de económicas. Area contabilidad</subfield>
      <subfield code="v">no. 1</subfield>
    </datafield>
    <datafield tag="650" ind1=" " ind2=" ">
      <subfield code="a"> PRIVATIZACION</subfield>
    </datafield>
    <datafield tag="650" ind1=" " ind2=" ">
      <subfield code="a"> EMPRESAS PUBLICAS</subfield>
    </datafield>
    <datafield tag="650" ind1=" " ind2=" ">
      <subfield code="a"> POLITICA ECONOMICA</subfield>
    </datafield>
    <datafield tag="650" ind1=" " ind2=" ">
      <subfield code="a"> ARGENTINA</subfield>
    </datafield>
    <datafield tag="942" ind1=" " ind2=" ">
      <subfield code="c">FL</subfield>
    </datafield>
    <datafield tag="952" ind1=" " ind2=" ">
      <subfield code="a">BIB_RECT</subfield>
      <subfield code="b">BIB_UACO</subfield>
      <subfield code="d">2005-08-23</subfield>
      <subfield code="y">FL</subfield>
      <subfield code="p">02-03545</subfield>
      <subfield code="i">02-03545</subfield>
      <subfield code="g">3</subfield>
      <subfield code="o">F338.246 P218c</subfield>
      <subfield code="e">UACO</subfield>
      <subfield code="8">CG</subfield>
    </datafield>
    <datafield tag="952" ind1=" " ind2=" ">
      <subfield code="a">BIB_RECT</subfield>
      <subfield code="b">BIB_UARG</subfield>
      <subfield code="d">2006-09-05</subfield>
      <subfield code="y">FL</subfield>
      <subfield code="p">05-30701</subfield>
      <subfield code="i">05-30701</subfield>
      <subfield code="g">7</subfield>
      <subfield code="o">F338.246 P218c</subfield>
      <subfield code="e">Donación</subfield>
      <subfield code="8">CG</subfield>
    </datafield>
  </record>