
  <record>
    <leader>01000aam  22002601a 4500</leader>
    <controlfield tag="001">YPZ4174</controlfield>
    <controlfield tag="003">YPZ</controlfield>
    <controlfield tag="005">200409140000000</controlfield>
    <controlfield tag="008">040914|###########||||||b||||||||||spa|d</controlfield>
    <datafield tag="020" ind1=" " ind2=" ">
      <subfield code="a">968120641X (v.1)</subfield>
    </datafield>
    <datafield tag="020" ind1=" " ind2=" ">
      <subfield code="a">9681206428 (v.2)</subfield>
    </datafield>
    <datafield tag="020" ind1=" " ind2=" ">
      <subfield code="a">9681206436 (v.3)</subfield>
    </datafield>
    <datafield tag="040" ind1=" " ind2=" ">
      <subfield code="c">SIUNPA</subfield>
    </datafield>
    <datafield tag="041" ind1=" " ind2=" ">
      <subfield code="a">spa</subfield>
    </datafield>
    <datafield tag="044" ind1=" " ind2=" ">
      <subfield code="a">MX</subfield>
    </datafield>
    <datafield tag="080" ind1=" " ind2=" ">
      <subfield code="a">F339.56 P438m</subfield>
    </datafield>
    <datafield tag="100" ind1=" " ind2=" ">
      <subfield code="a">Pérez Herrero, Pedro.</subfield>
    </datafield>
    <datafield tag="245" ind1=" " ind2=" ">
      <subfield code="a">Los mercados regionales de América Latina</subfield>
    </datafield>
    <datafield tag="250" ind1=" " ind2=" ">
      <subfield code="a">1a ed.</subfield>
    </datafield>
    <datafield tag="260" ind1=" " ind2=" ">
      <subfield code="a">México, D.F.</subfield>
      <subfield code="b"> : El Colegio de México</subfield>
      <subfield code="c"> , 1995</subfield>
    </datafield>
    <datafield tag="440" ind1=" " ind2=" ">
      <subfield code="a">Lecciones de historia</subfield>
      <subfield code="v">38448</subfield>
    </datafield>
    <datafield tag="490" ind1=" " ind2=" ">
      <subfield code="a">Lecciones de historia</subfield>
      <subfield code="v">38448</subfield>
    </datafield>
    <datafield tag="500" ind1=" " ind2=" ">
      <subfield code="a">Contenido: v.1. siglo XVI (1492-1629) -- v.2. siglo XVII (1630-1720) -- v. 3. siglo XVIII</subfield>
    </datafield>
    <datafield tag="650" ind1=" " ind2=" ">
      <subfield code="a"> COMERCIO  PRODUCCION  SIGLO XVI</subfield>
    </datafield>
    <datafield tag="650" ind1=" " ind2=" ">
      <subfield code="a"> COMERCIO EXTERIOR </subfield>
    </datafield>
    <datafield tag="650" ind1=" " ind2=" ">
      <subfield code="a"> DEMANDA </subfield>
    </datafield>
    <datafield tag="650" ind1=" " ind2=" ">
      <subfield code="a"> SIGLO XVII</subfield>
    </datafield>
    <datafield tag="650" ind1=" " ind2=" ">
      <subfield code="a"> ECONOMIA </subfield>
    </datafield>
    <datafield tag="650" ind1=" " ind2=" ">
      <subfield code="a"> REGIONALIZACION </subfield>
    </datafield>
    <datafield tag="650" ind1=" " ind2=" ">
      <subfield code="a"> SIGLO XVIII</subfield>
    </datafield>
    <datafield tag="650" ind1=" " ind2=" ">
      <subfield code="a"> ECONOMIA INTERNACIONAL </subfield>
    </datafield>
    <datafield tag="650" ind1=" " ind2=" ">
      <subfield code="a"> HISTORIA</subfield>
    </datafield>
    <datafield tag="650" ind1=" " ind2=" ">
      <subfield code="a"> POLITICA COMERCIAL </subfield>
    </datafield>
    <datafield tag="650" ind1=" " ind2=" ">
      <subfield code="a"> AMERICA LATINA</subfield>
    </datafield>
    <datafield tag="942" ind1=" " ind2=" ">
      <subfield code="c">FL</subfield>
    </datafield>
    <datafield tag="952" ind1=" " ind2=" ">
      <subfield code="a">BIB_RECT</subfield>
      <subfield code="b">BIB_UASJ</subfield>
      <subfield code="d">2005-08-23</subfield>
      <subfield code="y">FL</subfield>
      <subfield code="p">04-24947</subfield>
      <subfield code="i">04-24947</subfield>
      <subfield code="g">25</subfield>
      <subfield code="o">F339.56 P438m</subfield>
      <subfield code="e">Donación México</subfield>
      <subfield code="8">CG</subfield>
    </datafield>
    <datafield tag="952" ind1=" " ind2=" ">
      <subfield code="a">BIB_RECT</subfield>
      <subfield code="b">BIB_UASJ</subfield>
      <subfield code="d">2005-08-23</subfield>
      <subfield code="y">FL</subfield>
      <subfield code="p">04-24948</subfield>
      <subfield code="i">04-24948</subfield>
      <subfield code="g">25</subfield>
      <subfield code="o">F339.56 P438m</subfield>
      <subfield code="e">Donación México</subfield>
      <subfield code="8">CG</subfield>
    </datafield>
    <datafield tag="952" ind1=" " ind2=" ">
      <subfield code="a">BIB_RECT</subfield>
      <subfield code="b">BIB_UASJ</subfield>
      <subfield code="d">2005-08-23</subfield>
      <subfield code="y">FL</subfield>
      <subfield code="p">04-24949</subfield>
      <subfield code="i">04-24949</subfield>
      <subfield code="g">25</subfield>
      <subfield code="o">F339.56 P438m</subfield>
      <subfield code="e">Donación México</subfield>
      <subfield code="8">CG</subfield>
    </datafield>
  </record>