
  <record>
    <leader>01000aam  22002601a 4500</leader>
    <controlfield tag="001">YPZ4861</controlfield>
    <controlfield tag="003">YPZ</controlfield>
    <controlfield tag="005">200502280000000</controlfield>
    <controlfield tag="008">050228|###########||||||b||||||||||spa|d</controlfield>
    <datafield tag="020" ind1=" " ind2=" ">
      <subfield code="a">9875210927</subfield>
    </datafield>
    <datafield tag="040" ind1=" " ind2=" ">
      <subfield code="c">SIUNPA</subfield>
    </datafield>
    <datafield tag="041" ind1=" " ind2=" ">
      <subfield code="a">spa</subfield>
    </datafield>
    <datafield tag="044" ind1=" " ind2=" ">
      <subfield code="a">AR</subfield>
    </datafield>
    <datafield tag="080" ind1=" " ind2=" ">
      <subfield code="a">F633.2 S227f</subfield>
    </datafield>
    <datafield tag="100" ind1=" " ind2=" ">
      <subfield code="a">San Martino, Liliana.</subfield>
    </datafield>
    <datafield tag="245" ind1=" " ind2=" ">
      <subfield code="a">Fertilización de mallines en la Patagonia</subfield>
    </datafield>
    <datafield tag="260" ind1=" " ind2=" ">
      <subfield code="a">Río Gallegos</subfield>
      <subfield code="b"> : Estación Experimental Agropecuaria Santa Cruz, INTA</subfield>
      <subfield code="c"> , 2003</subfield>
    </datafield>
    <datafield tag="650" ind1=" " ind2=" ">
      <subfield code="a"> MALLINES  REGION PATAGONICA</subfield>
    </datafield>
    <datafield tag="650" ind1=" " ind2=" ">
      <subfield code="a"> PASTIZALES</subfield>
    </datafield>
    <datafield tag="650" ind1=" " ind2=" ">
      <subfield code="a"> APLICACION DE ABONOS</subfield>
    </datafield>
    <datafield tag="650" ind1=" " ind2=" ">
      <subfield code="a"> ANALISIS DEL SUELO</subfield>
    </datafield>
    <datafield tag="650" ind1=" " ind2=" ">
      <subfield code="a"> MANEJO DEL SUELO</subfield>
    </datafield>
    <datafield tag="942" ind1=" " ind2=" ">
      <subfield code="c">FL</subfield>
    </datafield>
    <datafield tag="952" ind1=" " ind2=" ">
      <subfield code="a">BIB_RECT</subfield>
      <subfield code="b">BIB_UACO</subfield>
      <subfield code="d">2005-08-23</subfield>
      <subfield code="y">FL</subfield>
      <subfield code="p">02-26854</subfield>
      <subfield code="i">02-26854</subfield>
      <subfield code="g">15</subfield>
      <subfield code="o">F633.2 S227f</subfield>
      <subfield code="e">SIUNPA</subfield>
      <subfield code="8">CG</subfield>
    </datafield>
    <datafield tag="952" ind1=" " ind2=" ">
      <subfield code="a">BIB_RECT</subfield>
      <subfield code="b">BIB_UART</subfield>
      <subfield code="d">2007-10-18</subfield>
      <subfield code="y">FL</subfield>
      <subfield code="p">03-33588</subfield>
      <subfield code="i">03-33588</subfield>
      <subfield code="g">15</subfield>
      <subfield code="o">F633.2 S227f</subfield>
      <subfield code="e">SIUNPA</subfield>
      <subfield code="8">CG</subfield>
    </datafield>
    <datafield tag="952" ind1=" " ind2=" ">
      <subfield code="a">BIB_RECT</subfield>
      <subfield code="b">BIB_UASJ</subfield>
      <subfield code="d">2006-05-15</subfield>
      <subfield code="y">FL</subfield>
      <subfield code="p">04-30381</subfield>
      <subfield code="i">04-30381</subfield>
      <subfield code="g">19</subfield>
      <subfield code="o">F633.2 S227f</subfield>
      <subfield code="e">Donación INTA</subfield>
      <subfield code="8">CG</subfield>
    </datafield>
    <datafield tag="952" ind1=" " ind2=" ">
      <subfield code="a">BIB_RECT</subfield>
      <subfield code="b">BIB_UARG</subfield>
      <subfield code="d">2007-10-09</subfield>
      <subfield code="y">FL</subfield>
      <subfield code="p">05-33505</subfield>
      <subfield code="i">05-33505</subfield>
      <subfield code="g">20</subfield>
      <subfield code="o">F633.2 S227f</subfield>
      <subfield code="e">Donación Gabriel Oliva</subfield>
      <subfield code="8">CG</subfield>
    </datafield>
    <datafield tag="952" ind1=" " ind2=" ">
      <subfield code="a">BIB_RECT</subfield>
      <subfield code="b">BIB_UARG</subfield>
      <subfield code="d">2007-10-09</subfield>
      <subfield code="y">FL</subfield>
      <subfield code="p">05-33506</subfield>
      <subfield code="i">05-33506</subfield>
      <subfield code="g">20</subfield>
      <subfield code="o">F633.2 S227f</subfield>
      <subfield code="e">Donación Gabriel Oliva</subfield>
      <subfield code="8">CG</subfield>
    </datafield>
  </record>