
  <record>
    <leader>01000aam  22002601a 4500</leader>
    <controlfield tag="001">YPZ6111</controlfield>
    <controlfield tag="003">YPZ</controlfield>
    <controlfield tag="005">200605231421330</controlfield>
    <controlfield tag="008">060523|###########||||||b||||||||||spa|d</controlfield>
    <datafield tag="040" ind1=" " ind2=" ">
      <subfield code="c">SIUNPA</subfield>
    </datafield>
    <datafield tag="041" ind1=" " ind2=" ">
      <subfield code="a">spa</subfield>
    </datafield>
    <datafield tag="044" ind1=" " ind2=" ">
      <subfield code="a">AR</subfield>
    </datafield>
    <datafield tag="080" ind1=" " ind2=" ">
      <subfield code="a">F575:63 T147t</subfield>
    </datafield>
    <datafield tag="110" ind1=" " ind2=" ">
      <subfield code="a">Taller de Uso, Manejo y Protección Legal de Germoplasma Nativo en la Patagonia (Río Gallegos : Ushuaia : 2003).</subfield>
    </datafield>
    <datafield tag="245" ind1=" " ind2=" ">
      <subfield code="a">Actas</subfield>
      <subfield code="c"> / Oliva, Gabriel, ed. y comp. ; Mascó, Mercedes, ed. y comp. ; Kofalt, Rosa, ed. y comp.</subfield>
    </datafield>
    <datafield tag="260" ind1=" " ind2=" ">
      <subfield code="a">Río Gallegos</subfield>
      <subfield code="b"> : Estación Experimental Agropecuaria Santa Cruz, INTA</subfield>
      <subfield code="b"> : Gobierno de la Provincia de Santa Cruz</subfield>
      <subfield code="b"> : Gobierno de la Provincia de Tierra del Fuego</subfield>
      <subfield code="b"> : Consejo Federal de Inversiones</subfield>
      <subfield code="b"> : Centro Austral de Investigaciones Cientifícas</subfield>
      <subfield code="c"> , 2004</subfield>
    </datafield>
    <datafield tag="300" ind1=" " ind2=" ">
      <subfield code="a">20 p. : </subfield>
      <subfield code="a">7 p. : </subfield>
      <subfield code="b">il. ; </subfield>
      <subfield code="a">15 P. : </subfield>
      <subfield code="b">il. ; </subfield>
      <subfield code="a">18 p. : </subfield>
      <subfield code="b">il. ; </subfield>
      <subfield code="a">22 p. : </subfield>
      <subfield code="b">il. ; </subfield>
      <subfield code="a">12 p. : </subfield>
      <subfield code="a">11 p. : </subfield>
      <subfield code="a">11 p. : </subfield>
      <subfield code="b">il. ; </subfield>
      <subfield code="a">12 p. : </subfield>
      <subfield code="a">19 p. : </subfield>
      <subfield code="b">il. ; </subfield>
      <subfield code="a">47 p. : </subfield>
      <subfield code="b">il. ; </subfield>
      <subfield code="a">35 p. : </subfield>
      <subfield code="a">27 p. : </subfield>
      <subfield code="b">il. ; </subfield>
      <subfield code="a">30 p. : </subfield>
      <subfield code="b">il. ; </subfield>
      <subfield code="a">28 p. : </subfield>
      <subfield code="a">[38] h. : </subfield>
      <subfield code="b">il. ; </subfield>
      <subfield code="a">32 p. : </subfield>
      <subfield code="b">il. ; </subfield>
      <subfield code="a">[6] h. : </subfield>
      <subfield code="a">19 p. : </subfield>
      <subfield code="e">1 CD-ROM en bolsillo</subfield>
    </datafield>
    <datafield tag="500" ind1=" " ind2=" ">
      <subfield code="a">Otro subtít.:  6 y 7 de agosto de 2003  Ushuaia / provincia de Tierra del Fuego</subfield>
    </datafield>
    <datafield tag="650" ind1=" " ind2=" ">
      <subfield code="a"> PLANTAS ORNAMENTALES</subfield>
    </datafield>
    <datafield tag="650" ind1=" " ind2=" ">
      <subfield code="a"> RECURSOS GENETICOS </subfield>
    </datafield>
    <datafield tag="650" ind1=" " ind2=" ">
      <subfield code="a"> RECURSOS FORESTALES</subfield>
    </datafield>
    <datafield tag="650" ind1=" " ind2=" ">
      <subfield code="a"> DIVERSIDAD BIOLOGICA</subfield>
    </datafield>
    <datafield tag="650" ind1=" " ind2=" ">
      <subfield code="a"> REGION PATAGONICA</subfield>
    </datafield>
    <datafield tag="942" ind1=" " ind2=" ">
      <subfield code="c">FL</subfield>
    </datafield>
    <datafield tag="952" ind1=" " ind2=" ">
      <subfield code="a">BIB_RECT</subfield>
      <subfield code="b">BIB_UASJ</subfield>
      <subfield code="d">2006-05-15</subfield>
      <subfield code="y">FL</subfield>
      <subfield code="p">04-30377</subfield>
      <subfield code="i">04-30377</subfield>
      <subfield code="g">28</subfield>
      <subfield code="o">F575:63 T147t</subfield>
      <subfield code="e">Donación INTA</subfield>
      <subfield code="8">CG</subfield>
    </datafield>
  </record>