
  <record>
    <leader>01000aam  22002601a 4500</leader>
    <controlfield tag="001">YPZ13990</controlfield>
    <controlfield tag="003">YPZ</controlfield>
    <controlfield tag="005">200608161306340</controlfield>
    <controlfield tag="008">060816|###########||||||b||||||||||spa|d</controlfield>
    <datafield tag="040" ind1=" " ind2=" ">
      <subfield code="c">SIUNPA</subfield>
    </datafield>
    <datafield tag="041" ind1=" " ind2=" ">
      <subfield code="a">spa</subfield>
    </datafield>
    <datafield tag="044" ind1=" " ind2=" ">
      <subfield code="a">AR</subfield>
    </datafield>
    <datafield tag="080" ind1=" " ind2=" ">
      <subfield code="a">F908 P977g</subfield>
    </datafield>
    <datafield tag="110" ind1=" " ind2=" ">
      <subfield code="a">Puerto Deseado (Santa Cruz). Municipalidad.</subfield>
    </datafield>
    <datafield tag="245" ind1=" " ind2=" ">
      <subfield code="a">Guía de Puerto Deseado</subfield>
    </datafield>
    <datafield tag="260" ind1=" " ind2=" ">
      <subfield code="a">Puerto Deseado</subfield>
      <subfield code="b"> : Municipalidad de Puerto Deseado</subfield>
      <subfield code="c"> , 1994</subfield>
    </datafield>
    <datafield tag="300" ind1=" " ind2=" ">
      <subfield code="a">23 p. : </subfield>
      <subfield code="b">il. ; </subfield>
      <subfield code="a">[74] p. : </subfield>
      <subfield code="b">il. ; </subfield>
      <subfield code="e">1 mapa pleg. en bolsillo</subfield>
    </datafield>
    <datafield tag="650" ind1=" " ind2=" ">
      <subfield code="a"> GEOGRAFIA FISICA</subfield>
    </datafield>
    <datafield tag="650" ind1=" " ind2=" ">
      <subfield code="a"> PUERTO DESEADO (SANTA CRUZ)</subfield>
    </datafield>
    <datafield tag="942" ind1=" " ind2=" ">
      <subfield code="c">FL</subfield>
    </datafield>
    <datafield tag="952" ind1=" " ind2=" ">
      <subfield code="a">BIB_RECT</subfield>
      <subfield code="b">BIB_UARG</subfield>
      <subfield code="d">2006-08-28</subfield>
      <subfield code="y">FL</subfield>
      <subfield code="p">05-15417</subfield>
      <subfield code="i">05-15417</subfield>
      <subfield code="g">8</subfield>
      <subfield code="o">F908 P977g</subfield>
      <subfield code="e"/>
      <subfield code="8">CG</subfield>
    </datafield>
    <datafield tag="952" ind1=" " ind2=" ">
      <subfield code="a">BIB_RECT</subfield>
      <subfield code="b">BIB_UARG</subfield>
      <subfield code="d">2006-09-05</subfield>
      <subfield code="y">FL</subfield>
      <subfield code="p">05-30208</subfield>
      <subfield code="i">05-30208</subfield>
      <subfield code="g">8</subfield>
      <subfield code="o">F908 P977g</subfield>
      <subfield code="e">Donación Masi, Sara</subfield>
      <subfield code="8">CG</subfield>
    </datafield>
  </record>