
  <record>
    <leader>01000aam  22002601a 4500</leader>
    <controlfield tag="001">YPZ14880</controlfield>
    <controlfield tag="003">YPZ</controlfield>
    <controlfield tag="005">200609071753510</controlfield>
    <controlfield tag="008">060907|###########||||||b||||||||||spa|d</controlfield>
    <datafield tag="040" ind1=" " ind2=" ">
      <subfield code="c">SIUNPA</subfield>
    </datafield>
    <datafield tag="041" ind1=" " ind2=" ">
      <subfield code="a">spa</subfield>
    </datafield>
    <datafield tag="044" ind1=" " ind2=" ">
      <subfield code="a">AR</subfield>
    </datafield>
    <datafield tag="080" ind1=" " ind2=" ">
      <subfield code="a">F338.45 R741</subfield>
    </datafield>
    <datafield tag="100" ind1=" " ind2=" ">
      <subfield code="a">Roitter, Mario.</subfield>
    </datafield>
    <datafield tag="245" ind1=" " ind2=" ">
      <subfield code="a">La industrialización reciente de Tierra del Fuego</subfield>
    </datafield>
    <datafield tag="260" ind1=" " ind2=" ">
      <subfield code="a">Buenos Aires</subfield>
      <subfield code="b"> : Consejo Federal de Inversiones, CFI</subfield>
      <subfield code="b"> : CEPAL</subfield>
      <subfield code="c"> , 1987</subfield>
    </datafield>
    <datafield tag="440" ind1=" " ind2=" ">
      <subfield code="a">Colección Abya Yala</subfield>
      <subfield code="a">Serie: Estructura socioeconómica Argentina. Colección producto bruto geográfico</subfield>
      <subfield code="a">Serie: Estructura socioeconómica Argentina. Colección producto bruto geográfico</subfield>
      <subfield code="a">Serie: Estructura socioeconómica Argentina. Colección producto bruto geográfico</subfield>
      <subfield code="a">programa CFI - CEPAL. Documento|Publicación CEPAL</subfield>
      <subfield code="v">13|G92</subfield>
    </datafield>
    <datafield tag="490" ind1=" " ind2=" ">
      <subfield code="a">Colección Abya Yala</subfield>
      <subfield code="a">Serie: Estructura socioeconómica Argentina. Colección producto bruto geográfico</subfield>
      <subfield code="a">Serie: Estructura socioeconómica Argentina. Colección producto bruto geográfico</subfield>
      <subfield code="a">Serie: Estructura socioeconómica Argentina. Colección producto bruto geográfico</subfield>
      <subfield code="a">programa CFI - CEPAL. Documento|Publicación CEPAL</subfield>
      <subfield code="v">13|G92</subfield>
    </datafield>
    <datafield tag="650" ind1=" " ind2=" ">
      <subfield code="a"> INDUSTRIALIZACION</subfield>
    </datafield>
    <datafield tag="650" ind1=" " ind2=" ">
      <subfield code="a"> ESTRUCTURA INDUSTRIAL</subfield>
    </datafield>
    <datafield tag="650" ind1=" " ind2=" ">
      <subfield code="a"> TIERRA DEL FUEGO (ARGENTINA)</subfield>
    </datafield>
    <datafield tag="942" ind1=" " ind2=" ">
      <subfield code="c">FL</subfield>
    </datafield>
    <datafield tag="952" ind1=" " ind2=" ">
      <subfield code="a">BIB_RECT</subfield>
      <subfield code="b">BIB_UARG</subfield>
      <subfield code="d">2006-09-05</subfield>
      <subfield code="y">FL</subfield>
      <subfield code="p">05-30673</subfield>
      <subfield code="i">05-30673</subfield>
      <subfield code="g">8</subfield>
      <subfield code="o">F338.45 R741</subfield>
      <subfield code="e">C.F.I</subfield>
      <subfield code="8">CG</subfield>
    </datafield>
  </record>