
  <record>
    <leader>01000aam  22002601a 4500</leader>
    <controlfield tag="001">YPZ15385</controlfield>
    <controlfield tag="003">YPZ</controlfield>
    <controlfield tag="005">200609251910530</controlfield>
    <controlfield tag="008">060925|###########||||||b||||||||||spa|d</controlfield>
    <datafield tag="020" ind1=" " ind2=" ">
      <subfield code="a">9509899305</subfield>
    </datafield>
    <datafield tag="040" ind1=" " ind2=" ">
      <subfield code="c">SIUNPA</subfield>
    </datafield>
    <datafield tag="041" ind1=" " ind2=" ">
      <subfield code="a">spa</subfield>
    </datafield>
    <datafield tag="044" ind1=" " ind2=" ">
      <subfield code="a">AR</subfield>
    </datafield>
    <datafield tag="080" ind1=" " ind2=" ">
      <subfield code="a">F556.3 G643g</subfield>
    </datafield>
    <datafield tag="100" ind1=" " ind2=" ">
      <subfield code="a">González Arzac, Ricardo.</subfield>
    </datafield>
    <datafield tag="700" ind1=" " ind2=" ">
      <subfield code="a">Díaz, José Luis.</subfield>
    </datafield>
    <datafield tag="700" ind1=" " ind2=" ">
      <subfield code="a">Calvetty Amboni, Boris.</subfield>
    </datafield>
    <datafield tag="245" ind1=" " ind2=" ">
      <subfield code="a">Geohidrología del área noreste de la provincia de Santa Cruz</subfield>
      <subfield code="b"> : síntesis</subfield>
    </datafield>
    <datafield tag="260" ind1=" " ind2=" ">
      <subfield code="a">Buenos Aires</subfield>
      <subfield code="b"> : Consejo Federal de Inversiones</subfield>
      <subfield code="c"> , 1991</subfield>
    </datafield>
    <datafield tag="440" ind1=" " ind2=" ">
      <subfield code="a">Serie investigaciones aplicadas. Colección hidrología subterránea</subfield>
      <subfield code="v">1</subfield>
    </datafield>
    <datafield tag="490" ind1=" " ind2=" ">
      <subfield code="a">Serie investigaciones aplicadas. Colección hidrología subterránea</subfield>
      <subfield code="v">1</subfield>
    </datafield>
    <datafield tag="650" ind1=" " ind2=" ">
      <subfield code="a"> AGUA SUBTERRANEA</subfield>
    </datafield>
    <datafield tag="650" ind1=" " ind2=" ">
      <subfield code="a"> ANALISIS DEL AGUA</subfield>
    </datafield>
    <datafield tag="650" ind1=" " ind2=" ">
      <subfield code="a"> CALIDAD DEL AGUA</subfield>
    </datafield>
    <datafield tag="650" ind1=" " ind2=" ">
      <subfield code="a"> HIDROLOGIA</subfield>
    </datafield>
    <datafield tag="650" ind1=" " ind2=" ">
      <subfield code="a"> SANTA CRUZ (ARGENTINA)</subfield>
    </datafield>
    <datafield tag="942" ind1=" " ind2=" ">
      <subfield code="c">FL</subfield>
    </datafield>
    <datafield tag="952" ind1=" " ind2=" ">
      <subfield code="a">BIB_RECT</subfield>
      <subfield code="b">BIB_UACO</subfield>
      <subfield code="d">2009-10-05</subfield>
      <subfield code="y">FL</subfield>
      <subfield code="p">02-02186</subfield>
      <subfield code="i">02-02186</subfield>
      <subfield code="g">20</subfield>
      <subfield code="o">F556.3 G643g</subfield>
      <subfield code="e">UFPA-UACO</subfield>
      <subfield code="8">CG</subfield>
    </datafield>
    <datafield tag="952" ind1=" " ind2=" ">
      <subfield code="a">BIB_RECT</subfield>
      <subfield code="b">BIB_UACO</subfield>
      <subfield code="d">2009-10-05</subfield>
      <subfield code="y">FL</subfield>
      <subfield code="p">02-02187</subfield>
      <subfield code="i">02-02187</subfield>
      <subfield code="g">20</subfield>
      <subfield code="o">F556.3 G643g</subfield>
      <subfield code="e">UFPA-UACO</subfield>
      <subfield code="8">CG</subfield>
    </datafield>
    <datafield tag="952" ind1=" " ind2=" ">
      <subfield code="a">BIB_RECT</subfield>
      <subfield code="b">BIB_UARG</subfield>
      <subfield code="d">2006-09-05</subfield>
      <subfield code="y">FL</subfield>
      <subfield code="p">05-30724</subfield>
      <subfield code="i">05-30724</subfield>
      <subfield code="g">8</subfield>
      <subfield code="o">F556.3 G643g</subfield>
      <subfield code="e">Donación</subfield>
      <subfield code="8">CG</subfield>
    </datafield>
  </record>