
  <record>
    <leader>01000aam  22002601a 4500</leader>
    <controlfield tag="001">YPZ15389</controlfield>
    <controlfield tag="003">YPZ</controlfield>
    <controlfield tag="005">200609291718040</controlfield>
    <controlfield tag="008">060929|###########||||||b||||||||||spa|d</controlfield>
    <datafield tag="040" ind1=" " ind2=" ">
      <subfield code="c">SIUNPA</subfield>
    </datafield>
    <datafield tag="041" ind1=" " ind2=" ">
      <subfield code="a">spa</subfield>
    </datafield>
    <datafield tag="044" ind1=" " ind2=" ">
      <subfield code="a">AR</subfield>
    </datafield>
    <datafield tag="080" ind1=" " ind2=" ">
      <subfield code="a">F630*245 P441p</subfield>
    </datafield>
    <datafield tag="100" ind1=" " ind2=" ">
      <subfield code="a">Peri, Pablo Luis.</subfield>
    </datafield>
    <datafield tag="245" ind1=" " ind2=" ">
      <subfield code="a">Podas de arbolado urbano</subfield>
    </datafield>
    <datafield tag="260" ind1=" " ind2=" ">
      <subfield code="a">Río Gallegos</subfield>
      <subfield code="b"> : Universidad Federal de la Patagonia Austral</subfield>
      <subfield code="b"> : EEA Santa Cruz, INTA</subfield>
      <subfield code="c"> , [1995?]</subfield>
    </datafield>
    <datafield tag="650" ind1=" " ind2=" ">
      <subfield code="a"> PODA</subfield>
    </datafield>
    <datafield tag="650" ind1=" " ind2=" ">
      <subfield code="a"> ARBOLES</subfield>
    </datafield>
    <datafield tag="942" ind1=" " ind2=" ">
      <subfield code="c">FL</subfield>
    </datafield>
    <datafield tag="952" ind1=" " ind2=" ">
      <subfield code="a">BIB_RECT</subfield>
      <subfield code="b">BIB_UARG</subfield>
      <subfield code="d">2006-09-05</subfield>
      <subfield code="y">FL</subfield>
      <subfield code="p">05-x0086</subfield>
      <subfield code="i">05-x0086</subfield>
      <subfield code="g">5</subfield>
      <subfield code="o">F630*245 P441p</subfield>
      <subfield code="e">Donación Peri, Pablo Luis</subfield>
      <subfield code="8">CG</subfield>
    </datafield>
  </record>