
  <record>
    <leader>01000aam  22002601a 4500</leader>
    <controlfield tag="001">YPZ18547</controlfield>
    <controlfield tag="003">YPZ</controlfield>
    <controlfield tag="005">200702131747080</controlfield>
    <controlfield tag="008">070213|###########||||||b||||||||||spa|d</controlfield>
    <datafield tag="040" ind1=" " ind2=" ">
      <subfield code="c">SIUNPA</subfield>
    </datafield>
    <datafield tag="041" ind1=" " ind2=" ">
      <subfield code="a">spa</subfield>
    </datafield>
    <datafield tag="044" ind1=" " ind2=" ">
      <subfield code="a">AR</subfield>
    </datafield>
    <datafield tag="080" ind1=" " ind2=" ">
      <subfield code="a">F821.134.2(82) C827a</subfield>
    </datafield>
    <datafield tag="100" ind1=" " ind2=" ">
      <subfield code="a">Cortázar, Julio.</subfield>
    </datafield>
    <datafield tag="245" ind1=" " ind2=" ">
      <subfield code="a">Argentina. Julio Cortázar</subfield>
    </datafield>
    <datafield tag="260" ind1=" " ind2=" ">
      <subfield code="a">Buenos Aires</subfield>
      <subfield code="b"> : Ministerio de Educación, Ciencia y Tecnología, Argentina</subfield>
      <subfield code="c"> , 2004</subfield>
    </datafield>
    <datafield tag="505" ind1=" " ind2=" ">
      <subfield code="a">Final del juego</subfield>
    </datafield>
    <datafield tag="650" ind1=" " ind2=" ">
      <subfield code="a"> LITERATURA ARGENTINA</subfield>
    </datafield>
    <datafield tag="650" ind1=" " ind2=" ">
      <subfield code="a"> CUENTO</subfield>
    </datafield>
    <datafield tag="942" ind1=" " ind2=" ">
      <subfield code="c">FL</subfield>
    </datafield>
    <datafield tag="952" ind1=" " ind2=" ">
      <subfield code="a">BIB_RECT</subfield>
      <subfield code="b">BIB_UASJ</subfield>
      <subfield code="d">2006-09-22</subfield>
      <subfield code="y">FL</subfield>
      <subfield code="p">04-30848</subfield>
      <subfield code="i">04-30848</subfield>
      <subfield code="g">0</subfield>
      <subfield code="o">F821.134.2(82) C827a</subfield>
      <subfield code="e">Donación</subfield>
      <subfield code="8">CG</subfield>
    </datafield>
    <datafield tag="952" ind1=" " ind2=" ">
      <subfield code="a">BIB_RECT</subfield>
      <subfield code="b">BIB_UASJ</subfield>
      <subfield code="d">2006-09-22</subfield>
      <subfield code="y">FL</subfield>
      <subfield code="p">04-30849</subfield>
      <subfield code="i">04-30849</subfield>
      <subfield code="g">0</subfield>
      <subfield code="o">F821.134.2(82) C827a</subfield>
      <subfield code="e">Donación</subfield>
      <subfield code="8">CG</subfield>
    </datafield>
    <datafield tag="952" ind1=" " ind2=" ">
      <subfield code="a">BIB_RECT</subfield>
      <subfield code="b">BIB_UASJ</subfield>
      <subfield code="d">2006-09-22</subfield>
      <subfield code="y">FL</subfield>
      <subfield code="p">04-30850</subfield>
      <subfield code="i">04-30850</subfield>
      <subfield code="g">0</subfield>
      <subfield code="o">F821.134.2(82) C827a</subfield>
      <subfield code="e">Donación</subfield>
      <subfield code="8">CG</subfield>
    </datafield>
    <datafield tag="952" ind1=" " ind2=" ">
      <subfield code="a">BIB_RECT</subfield>
      <subfield code="b">BIB_UASJ</subfield>
      <subfield code="d">2006-09-22</subfield>
      <subfield code="y">FL</subfield>
      <subfield code="p">04-30851</subfield>
      <subfield code="i">04-30851</subfield>
      <subfield code="g">0</subfield>
      <subfield code="o">F821.134.2(82) C827a</subfield>
      <subfield code="e">Donación</subfield>
      <subfield code="8">CG</subfield>
    </datafield>
    <datafield tag="952" ind1=" " ind2=" ">
      <subfield code="a">BIB_RECT</subfield>
      <subfield code="b">BIB_UASJ</subfield>
      <subfield code="d">2006-09-22</subfield>
      <subfield code="y">FL</subfield>
      <subfield code="p">04-30852</subfield>
      <subfield code="i">04-30852</subfield>
      <subfield code="g">0</subfield>
      <subfield code="o">F821.134.2(82) C827a</subfield>
      <subfield code="e">Donación</subfield>
      <subfield code="8">CG</subfield>
    </datafield>
    <datafield tag="952" ind1=" " ind2=" ">
      <subfield code="a">BIB_RECT</subfield>
      <subfield code="b">BIB_UASJ</subfield>
      <subfield code="d">2006-09-22</subfield>
      <subfield code="y">FL</subfield>
      <subfield code="p">04-30853</subfield>
      <subfield code="i">04-30853</subfield>
      <subfield code="g">0</subfield>
      <subfield code="o">F821.134.2(82) C827a</subfield>
      <subfield code="e">Donación</subfield>
      <subfield code="8">CG</subfield>
    </datafield>
    <datafield tag="952" ind1=" " ind2=" ">
      <subfield code="a">BIB_RECT</subfield>
      <subfield code="b">BIB_UASJ</subfield>
      <subfield code="d">2006-09-22</subfield>
      <subfield code="y">FL</subfield>
      <subfield code="p">04-30854</subfield>
      <subfield code="i">04-30854</subfield>
      <subfield code="g">0</subfield>
      <subfield code="o">F821.134.2(82) C827a</subfield>
      <subfield code="e">Donación</subfield>
      <subfield code="8">CG</subfield>
    </datafield>
  </record>