
  <record>
    <leader>01000aam  22002601a 4500</leader>
    <controlfield tag="001">YPZ18550</controlfield>
    <controlfield tag="003">YPZ</controlfield>
    <controlfield tag="005">200702131833070</controlfield>
    <controlfield tag="008">070213|###########||||||b||||||||||spa|d</controlfield>
    <datafield tag="040" ind1=" " ind2=" ">
      <subfield code="c">SIUNPA</subfield>
    </datafield>
    <datafield tag="041" ind1=" " ind2=" ">
      <subfield code="a">spa</subfield>
    </datafield>
    <datafield tag="044" ind1=" " ind2=" ">
      <subfield code="a">AR</subfield>
    </datafield>
    <datafield tag="080" ind1=" " ind2=" ">
      <subfield code="a">F821.134.2(83)</subfield>
    </datafield>
    <datafield tag="100" ind1=" " ind2=" ">
      <subfield code="a">Neruda, Pablo, seud..</subfield>
    </datafield>
    <datafield tag="700" ind1=" " ind2=" ">
      <subfield code="a">Reyes Basoalto, Neftalí Ricardo Eliecer.</subfield>
    </datafield>
    <datafield tag="245" ind1=" " ind2=" ">
      <subfield code="a">Chile. Pablo Neruda</subfield>
    </datafield>
    <datafield tag="260" ind1=" " ind2=" ">
      <subfield code="a">Buenos Aires</subfield>
      <subfield code="b"> : Ministerio de Educación, Ciencia y Tecnología</subfield>
      <subfield code="c"> , 2005</subfield>
    </datafield>
    <datafield tag="650" ind1=" " ind2=" ">
      <subfield code="a"> LITERATURA CHILENA</subfield>
    </datafield>
    <datafield tag="650" ind1=" " ind2=" ">
      <subfield code="a"> POESIA</subfield>
    </datafield>
    <datafield tag="942" ind1=" " ind2=" ">
      <subfield code="c">FL</subfield>
    </datafield>
    <datafield tag="952" ind1=" " ind2=" ">
      <subfield code="a">BIB_RECT</subfield>
      <subfield code="b">BIB_UASJ</subfield>
      <subfield code="d">2006-09-22</subfield>
      <subfield code="y">FL</subfield>
      <subfield code="p">04-30825</subfield>
      <subfield code="i">04-30825</subfield>
      <subfield code="g">0</subfield>
      <subfield code="o">F821.134.2(83)</subfield>
      <subfield code="e">Donación</subfield>
      <subfield code="8">CG</subfield>
    </datafield>
    <datafield tag="952" ind1=" " ind2=" ">
      <subfield code="a">BIB_RECT</subfield>
      <subfield code="b">BIB_UASJ</subfield>
      <subfield code="d">2006-09-22</subfield>
      <subfield code="y">FL</subfield>
      <subfield code="p">04-30826</subfield>
      <subfield code="i">04-30826</subfield>
      <subfield code="g">0</subfield>
      <subfield code="o">F821.134.2(83)</subfield>
      <subfield code="e">Donación</subfield>
      <subfield code="8">CG</subfield>
    </datafield>
    <datafield tag="952" ind1=" " ind2=" ">
      <subfield code="a">BIB_RECT</subfield>
      <subfield code="b">BIB_UASJ</subfield>
      <subfield code="d">2006-09-22</subfield>
      <subfield code="y">FL</subfield>
      <subfield code="p">04-30827</subfield>
      <subfield code="i">04-30827</subfield>
      <subfield code="g">0</subfield>
      <subfield code="o">F821.134.2(83)</subfield>
      <subfield code="e">Donación</subfield>
      <subfield code="8">CG</subfield>
    </datafield>
    <datafield tag="952" ind1=" " ind2=" ">
      <subfield code="a">BIB_RECT</subfield>
      <subfield code="b">BIB_UASJ</subfield>
      <subfield code="d">2006-09-22</subfield>
      <subfield code="y">FL</subfield>
      <subfield code="p">04-30828</subfield>
      <subfield code="i">04-30828</subfield>
      <subfield code="g">0</subfield>
      <subfield code="o">F821.134.2(83)</subfield>
      <subfield code="e">Donación</subfield>
      <subfield code="8">CG</subfield>
    </datafield>
    <datafield tag="952" ind1=" " ind2=" ">
      <subfield code="a">BIB_RECT</subfield>
      <subfield code="b">BIB_UASJ</subfield>
      <subfield code="d">2006-09-22</subfield>
      <subfield code="y">FL</subfield>
      <subfield code="p">04-30829</subfield>
      <subfield code="i">04-30829</subfield>
      <subfield code="g">0</subfield>
      <subfield code="o">F821.134.2(83)</subfield>
      <subfield code="e">Donación</subfield>
      <subfield code="8">CG</subfield>
    </datafield>
    <datafield tag="952" ind1=" " ind2=" ">
      <subfield code="a">BIB_RECT</subfield>
      <subfield code="b">BIB_UASJ</subfield>
      <subfield code="d">2006-09-22</subfield>
      <subfield code="y">FL</subfield>
      <subfield code="p">04-30830</subfield>
      <subfield code="i">04-30830</subfield>
      <subfield code="g">0</subfield>
      <subfield code="o">F821.134.2(83)</subfield>
      <subfield code="e">Donación</subfield>
      <subfield code="8">CG</subfield>
    </datafield>
    <datafield tag="952" ind1=" " ind2=" ">
      <subfield code="a">BIB_RECT</subfield>
      <subfield code="b">BIB_UASJ</subfield>
      <subfield code="d">2006-09-22</subfield>
      <subfield code="y">FL</subfield>
      <subfield code="p">04-30831</subfield>
      <subfield code="i">04-30831</subfield>
      <subfield code="g">0</subfield>
      <subfield code="o">F821.134.2(83)</subfield>
      <subfield code="e">Donación</subfield>
      <subfield code="8">CG</subfield>
    </datafield>
    <datafield tag="952" ind1=" " ind2=" ">
      <subfield code="a">BIB_RECT</subfield>
      <subfield code="b">BIB_UASJ</subfield>
      <subfield code="d">2006-09-22</subfield>
      <subfield code="y">FL</subfield>
      <subfield code="p">04-30832</subfield>
      <subfield code="i">04-30832</subfield>
      <subfield code="g">0</subfield>
      <subfield code="o">F821.134.2(83)</subfield>
      <subfield code="e">Donación</subfield>
      <subfield code="8">CG</subfield>
    </datafield>
    <datafield tag="952" ind1=" " ind2=" ">
      <subfield code="a">BIB_RECT</subfield>
      <subfield code="b">BIB_UASJ</subfield>
      <subfield code="d">2006-09-22</subfield>
      <subfield code="y">FL</subfield>
      <subfield code="p">04-30833</subfield>
      <subfield code="i">04-30833</subfield>
      <subfield code="g">0</subfield>
      <subfield code="o">F821.134.2(83)</subfield>
      <subfield code="e">Donación</subfield>
      <subfield code="8">CG</subfield>
    </datafield>
    <datafield tag="952" ind1=" " ind2=" ">
      <subfield code="a">BIB_RECT</subfield>
      <subfield code="b">BIB_UASJ</subfield>
      <subfield code="d">2006-09-22</subfield>
      <subfield code="y">FL</subfield>
      <subfield code="p">04-30834</subfield>
      <subfield code="i">04-30834</subfield>
      <subfield code="g">0</subfield>
      <subfield code="o">F821.134.2(83)</subfield>
      <subfield code="e">Donación</subfield>
      <subfield code="8">CG</subfield>
    </datafield>
    <datafield tag="952" ind1=" " ind2=" ">
      <subfield code="a">BIB_RECT</subfield>
      <subfield code="b">BIB_UASJ</subfield>
      <subfield code="d">2006-09-22</subfield>
      <subfield code="y">FL</subfield>
      <subfield code="p">04-30835</subfield>
      <subfield code="i">04-30835</subfield>
      <subfield code="g">0</subfield>
      <subfield code="o">F821.134.2(83)</subfield>
      <subfield code="e">Donación</subfield>
      <subfield code="8">CG</subfield>
    </datafield>
  </record>