
  <record>
    <leader>01000aam  22002601a 4500</leader>
    <controlfield tag="001">YPZ18563</controlfield>
    <controlfield tag="003">YPZ</controlfield>
    <controlfield tag="005">200702141422300</controlfield>
    <controlfield tag="008">070214|###########||||||b||||||||||spa|d</controlfield>
    <datafield tag="040" ind1=" " ind2=" ">
      <subfield code="c">SIUNPA</subfield>
    </datafield>
    <datafield tag="041" ind1=" " ind2=" ">
      <subfield code="a">spa</subfield>
    </datafield>
    <datafield tag="044" ind1=" " ind2=" ">
      <subfield code="a">AR</subfield>
    </datafield>
    <datafield tag="080" ind1=" " ind2=" ">
      <subfield code="a">F821.134.2(82) P194h</subfield>
    </datafield>
    <datafield tag="100" ind1=" " ind2=" ">
      <subfield code="a">Panno, Juan José.</subfield>
    </datafield>
    <datafield tag="245" ind1=" " ind2=" ">
      <subfield code="a">Homero</subfield>
    </datafield>
    <datafield tag="260" ind1=" " ind2=" ">
      <subfield code="a">Buenos Aires</subfield>
      <subfield code="b"> : Ministerio de Educación, Ciencia y Tecnología</subfield>
      <subfield code="c"> , 2002</subfield>
    </datafield>
    <datafield tag="500" ind1=" " ind2=" ">
      <subfield code="a">Contiene: Homero (p. 1-5) - Piel de judas (p. 6-7)</subfield>
    </datafield>
    <datafield tag="650" ind1=" " ind2=" ">
      <subfield code="a"> LITERATURA ARGENTINA</subfield>
    </datafield>
    <datafield tag="650" ind1=" " ind2=" ">
      <subfield code="a"> CUENTO</subfield>
    </datafield>
    <datafield tag="942" ind1=" " ind2=" ">
      <subfield code="c">FL</subfield>
    </datafield>
    <datafield tag="952" ind1=" " ind2=" ">
      <subfield code="a">BIB_RECT</subfield>
      <subfield code="b">BIB_UASJ</subfield>
      <subfield code="d">2006-09-22</subfield>
      <subfield code="y">FL</subfield>
      <subfield code="p">04-30836</subfield>
      <subfield code="i">04-30836</subfield>
      <subfield code="g">2</subfield>
      <subfield code="o">F821.134.2(82) P194h</subfield>
      <subfield code="e">Donación</subfield>
      <subfield code="8">CG</subfield>
    </datafield>
    <datafield tag="952" ind1=" " ind2=" ">
      <subfield code="a">BIB_RECT</subfield>
      <subfield code="b">BIB_UASJ</subfield>
      <subfield code="d">2006-09-22</subfield>
      <subfield code="y">FL</subfield>
      <subfield code="p">04-30837</subfield>
      <subfield code="i">04-30837</subfield>
      <subfield code="g">2</subfield>
      <subfield code="o">F821.134.2(82) P194h</subfield>
      <subfield code="e">Donación</subfield>
      <subfield code="8">CG</subfield>
    </datafield>
    <datafield tag="952" ind1=" " ind2=" ">
      <subfield code="a">BIB_RECT</subfield>
      <subfield code="b">BIB_UASJ</subfield>
      <subfield code="d">2006-09-22</subfield>
      <subfield code="y">FL</subfield>
      <subfield code="p">04-30838</subfield>
      <subfield code="i">04-30838</subfield>
      <subfield code="g">2</subfield>
      <subfield code="o">F821.134.2(82) P194h</subfield>
      <subfield code="e">Donación</subfield>
      <subfield code="8">CG</subfield>
    </datafield>
    <datafield tag="952" ind1=" " ind2=" ">
      <subfield code="a">BIB_RECT</subfield>
      <subfield code="b">BIB_UASJ</subfield>
      <subfield code="d">2006-09-22</subfield>
      <subfield code="y">FL</subfield>
      <subfield code="p">04-30839</subfield>
      <subfield code="i">04-30839</subfield>
      <subfield code="g">2</subfield>
      <subfield code="o">F821.134.2(82) P194h</subfield>
      <subfield code="e">Donación</subfield>
      <subfield code="8">CG</subfield>
    </datafield>
    <datafield tag="952" ind1=" " ind2=" ">
      <subfield code="a">BIB_RECT</subfield>
      <subfield code="b">BIB_UASJ</subfield>
      <subfield code="d">2006-09-22</subfield>
      <subfield code="y">FL</subfield>
      <subfield code="p">04-30840</subfield>
      <subfield code="i">04-30840</subfield>
      <subfield code="g">2</subfield>
      <subfield code="o">F821.134.2(82) P194h</subfield>
      <subfield code="e">Donación</subfield>
      <subfield code="8">CG</subfield>
    </datafield>
    <datafield tag="952" ind1=" " ind2=" ">
      <subfield code="a">BIB_RECT</subfield>
      <subfield code="b">BIB_UASJ</subfield>
      <subfield code="d">2006-09-22</subfield>
      <subfield code="y">FL</subfield>
      <subfield code="p">04-30841</subfield>
      <subfield code="i">04-30841</subfield>
      <subfield code="g">2</subfield>
      <subfield code="o">F821.134.2(82) P194h</subfield>
      <subfield code="e">Donación</subfield>
      <subfield code="8">CG</subfield>
    </datafield>
    <datafield tag="952" ind1=" " ind2=" ">
      <subfield code="a">BIB_RECT</subfield>
      <subfield code="b">BIB_UASJ</subfield>
      <subfield code="d">2006-09-22</subfield>
      <subfield code="y">FL</subfield>
      <subfield code="p">04-30842</subfield>
      <subfield code="i">04-30842</subfield>
      <subfield code="g">2</subfield>
      <subfield code="o">F821.134.2(82) P194h</subfield>
      <subfield code="e">Donación</subfield>
      <subfield code="8">CG</subfield>
    </datafield>
    <datafield tag="952" ind1=" " ind2=" ">
      <subfield code="a">BIB_RECT</subfield>
      <subfield code="b">BIB_UASJ</subfield>
      <subfield code="d">2006-09-22</subfield>
      <subfield code="y">FL</subfield>
      <subfield code="p">04-30843</subfield>
      <subfield code="i">04-30843</subfield>
      <subfield code="g">2</subfield>
      <subfield code="o">F821.134.2(82) P194h</subfield>
      <subfield code="e">Donación</subfield>
      <subfield code="8">CG</subfield>
    </datafield>
    <datafield tag="952" ind1=" " ind2=" ">
      <subfield code="a">BIB_RECT</subfield>
      <subfield code="b">BIB_UASJ</subfield>
      <subfield code="d">2006-09-22</subfield>
      <subfield code="y">FL</subfield>
      <subfield code="p">04-30844</subfield>
      <subfield code="i">04-30844</subfield>
      <subfield code="g">2</subfield>
      <subfield code="o">F821.134.2(82) P194h</subfield>
      <subfield code="e">Donación</subfield>
      <subfield code="8">CG</subfield>
    </datafield>
    <datafield tag="952" ind1=" " ind2=" ">
      <subfield code="a">BIB_RECT</subfield>
      <subfield code="b">BIB_UASJ</subfield>
      <subfield code="d">2006-09-22</subfield>
      <subfield code="y">FL</subfield>
      <subfield code="p">04-30845</subfield>
      <subfield code="i">04-30845</subfield>
      <subfield code="g">2</subfield>
      <subfield code="o">F821.134.2(82) P194h</subfield>
      <subfield code="e">Donación</subfield>
      <subfield code="8">CG</subfield>
    </datafield>
    <datafield tag="952" ind1=" " ind2=" ">
      <subfield code="a">BIB_RECT</subfield>
      <subfield code="b">BIB_UASJ</subfield>
      <subfield code="d">2006-09-22</subfield>
      <subfield code="y">FL</subfield>
      <subfield code="p">04-30846</subfield>
      <subfield code="i">04-30846</subfield>
      <subfield code="g">2</subfield>
      <subfield code="o">F821.134.2(82) P194h</subfield>
      <subfield code="e">Donación</subfield>
      <subfield code="8">CG</subfield>
    </datafield>
    <datafield tag="952" ind1=" " ind2=" ">
      <subfield code="a">BIB_RECT</subfield>
      <subfield code="b">BIB_UASJ</subfield>
      <subfield code="d">2006-09-22</subfield>
      <subfield code="y">FL</subfield>
      <subfield code="p">04-30847</subfield>
      <subfield code="i">04-30847</subfield>
      <subfield code="g">2</subfield>
      <subfield code="o">F821.134.2(82) P194h</subfield>
      <subfield code="e">Donación</subfield>
      <subfield code="8">CG</subfield>
    </datafield>
  </record>