
  <record>
    <leader>01000aam  22002601a 4500</leader>
    <controlfield tag="001">YPZ18577</controlfield>
    <controlfield tag="003">YPZ</controlfield>
    <controlfield tag="005">200702141556340</controlfield>
    <controlfield tag="008">070214|###########||||||b||||||||||spa|d</controlfield>
    <datafield tag="040" ind1=" " ind2=" ">
      <subfield code="c">SIUNPA</subfield>
    </datafield>
    <datafield tag="041" ind1=" " ind2=" ">
      <subfield code="a">spa</subfield>
    </datafield>
    <datafield tag="044" ind1=" " ind2=" ">
      <subfield code="a">AR</subfield>
    </datafield>
    <datafield tag="080" ind1=" " ind2=" ">
      <subfield code="a">F821-34 C965cu</subfield>
    </datafield>
    <datafield tag="100" ind1=" " ind2=" ">
      <subfield code="a">Swift, Jonathan.</subfield>
    </datafield>
    <datafield tag="700" ind1=" " ind2=" ">
      <subfield code="a">Twain, Mark.</subfield>
    </datafield>
    <datafield tag="700" ind1=" " ind2=" ">
      <subfield code="a">Mansilla, Lucio Victorio.</subfield>
    </datafield>
    <datafield tag="700" ind1=" " ind2=" ">
      <subfield code="a">Akutagwa, Rynosuke.</subfield>
    </datafield>
    <datafield tag="700" ind1=" " ind2=" ">
      <subfield code="a">Bierce, Ambrose.</subfield>
    </datafield>
    <datafield tag="700" ind1=" " ind2=" ">
      <subfield code="a">Boccaccio Giovanni.</subfield>
    </datafield>
    <datafield tag="700" ind1=" " ind2=" ">
      <subfield code="a">Poe, Edgar Allan.</subfield>
    </datafield>
    <datafield tag="700" ind1=" " ind2=" ">
      <subfield code="a">Campo, Estanislao del.</subfield>
    </datafield>
    <datafield tag="700" ind1=" " ind2=" ">
      <subfield code="a">Fernández, Macedonio.</subfield>
    </datafield>
    <datafield tag="700" ind1=" " ind2=" ">
      <subfield code="a">Tardieu, Jean.</subfield>
    </datafield>
    <datafield tag="700" ind1=" " ind2=" ">
      <subfield code="a">Califa, Oche.</subfield>
    </datafield>
    <datafield tag="245" ind1=" " ind2=" ">
      <subfield code="a">Cuentos irrespetuosos</subfield>
      <subfield code="c"> / Demo, il. ; Montes, Fernanda, tr. ; Gandolfo, Elvio E., tr. ; Fabregat, Aquiles, tr. ; Califa, Martín, tr. ; Barros, Carlos, tr.</subfield>
    </datafield>
    <datafield tag="260" ind1=" " ind2=" ">
      <subfield code="a">Buenos Aires</subfield>
      <subfield code="b"> : Ministerio de Educación, Ciencia y Tecnología</subfield>
      <subfield code="b"> : La Nación</subfield>
      <subfield code="c"> , 2004</subfield>
    </datafield>
    <datafield tag="505" ind1=" " ind2=" ">
      <subfield code="a">Con: Un hospital para incurables (p. 2-8) -- Los McWilliams y la alarma para ladrones (p. 8-13) -- El hombre de negocios (p. 14-18) -- Pedro Urdemales y el comprade (p. 19-21) -- De cómo el hambre me hizo escritor (p. 22-26) -- La nariz (p. 26-29) -- Breves (p. 30-31) -- Decamerón (p. 32) -- La cita (p. 33) -- El bobo de Buenos Aires (p. 34) -- Problemas y trabajos prácticos (p. 34)</subfield>
    </datafield>
    <datafield tag="650" ind1=" " ind2=" ">
      <subfield code="a"> LITERATURA</subfield>
    </datafield>
    <datafield tag="650" ind1=" " ind2=" ">
      <subfield code="a"> CUENTO</subfield>
    </datafield>
    <datafield tag="650" ind1=" " ind2=" ">
      <subfield code="a"> ANTOLOGIA</subfield>
    </datafield>
    <datafield tag="942" ind1=" " ind2=" ">
      <subfield code="c">FL</subfield>
    </datafield>
    <datafield tag="952" ind1=" " ind2=" ">
      <subfield code="a">BIB_RECT</subfield>
      <subfield code="b">BIB_UASJ</subfield>
      <subfield code="d">2006-09-22</subfield>
      <subfield code="y">FL</subfield>
      <subfield code="p">04-30903</subfield>
      <subfield code="i">04-30903</subfield>
      <subfield code="g">7</subfield>
      <subfield code="o">F821-34 C965cu</subfield>
      <subfield code="e">Donación</subfield>
      <subfield code="8">CG</subfield>
    </datafield>
  </record>