
  <record>
    <leader>01000aam  22002601a 4500</leader>
    <controlfield tag="001">YPZ18721</controlfield>
    <controlfield tag="003">YPZ</controlfield>
    <controlfield tag="005">200703021436540</controlfield>
    <controlfield tag="008">070302|###########||||||b||||||||||spa|d</controlfield>
    <datafield tag="040" ind1=" " ind2=" ">
      <subfield code="c">SIUNPA</subfield>
    </datafield>
    <datafield tag="041" ind1=" " ind2=" ">
      <subfield code="a">spa</subfield>
    </datafield>
    <datafield tag="044" ind1=" " ind2=" ">
      <subfield code="a">AR</subfield>
    </datafield>
    <datafield tag="080" ind1=" " ind2=" ">
      <subfield code="a">F372.46 G215a</subfield>
    </datafield>
    <datafield tag="100" ind1=" " ind2=" ">
      <subfield code="a">García de Lentini, Martha A..</subfield>
    </datafield>
    <datafield tag="245" ind1=" " ind2=" ">
      <subfield code="a">Aprendo a redactar cartas</subfield>
    </datafield>
    <datafield tag="260" ind1=" " ind2=" ">
      <subfield code="a">Buenos Aires</subfield>
      <subfield code="b"> : Kapelusz</subfield>
      <subfield code="c"> , 1977</subfield>
    </datafield>
    <datafield tag="440" ind1=" " ind2=" ">
      <subfield code="a">Latinoamérica lee</subfield>
      <subfield code="a">Latinoamérica lee</subfield>
      <subfield code="a">Libros ilustrados</subfield>
      <subfield code="a">Latinoamérica lee</subfield>
      <subfield code="a">Libros ilustrados</subfield>
      <subfield code="a">Leer también es una pasión</subfield>
      <subfield code="a">Libros ilustrados</subfield>
      <subfield code="a">Libros ilustrados</subfield>
      <subfield code="a">Libros ilustrados</subfield>
      <subfield code="a">Libros ilustrados</subfield>
      <subfield code="a">Cuando leés, ganás siempre</subfield>
      <subfield code="a">Pasión por leer</subfield>
      <subfield code="a">Libros ilustrados</subfield>
      <subfield code="a">Leer también es una pasión</subfield>
      <subfield code="a">Libros ilustrados</subfield>
      <subfield code="a">Leer también es una pasión</subfield>
      <subfield code="a">Colección cuadernos. Nueva sintesis</subfield>
      <subfield code="a">Técnicas vivas de la clase</subfield>
      <subfield code="v">10</subfield>
    </datafield>
    <datafield tag="490" ind1=" " ind2=" ">
      <subfield code="a">Latinoamérica lee</subfield>
      <subfield code="a">Latinoamérica lee</subfield>
      <subfield code="a">Libros ilustrados</subfield>
      <subfield code="a">Latinoamérica lee</subfield>
      <subfield code="a">Libros ilustrados</subfield>
      <subfield code="a">Leer también es una pasión</subfield>
      <subfield code="a">Libros ilustrados</subfield>
      <subfield code="a">Libros ilustrados</subfield>
      <subfield code="a">Libros ilustrados</subfield>
      <subfield code="a">Libros ilustrados</subfield>
      <subfield code="a">Cuando leés, ganás siempre</subfield>
      <subfield code="a">Pasión por leer</subfield>
      <subfield code="a">Libros ilustrados</subfield>
      <subfield code="a">Leer también es una pasión</subfield>
      <subfield code="a">Libros ilustrados</subfield>
      <subfield code="a">Leer también es una pasión</subfield>
      <subfield code="a">Colección cuadernos. Nueva sintesis</subfield>
      <subfield code="a">Técnicas vivas de la clase</subfield>
      <subfield code="v">10</subfield>
    </datafield>
    <datafield tag="650" ind1=" " ind2=" ">
      <subfield code="a"> ENSEÑANZA DE LA ESCRITURA</subfield>
    </datafield>
    <datafield tag="650" ind1=" " ind2=" ">
      <subfield code="a"> TECNICAS DE ENSEÑANZA</subfield>
    </datafield>
    <datafield tag="650" ind1=" " ind2=" ">
      <subfield code="a"> ACTIVIDADES DE APRENDIZAJE</subfield>
    </datafield>
    <datafield tag="650" ind1=" " ind2=" ">
      <subfield code="a"> REDACCION</subfield>
    </datafield>
    <datafield tag="650" ind1=" " ind2=" ">
      <subfield code="a"> METODOS DE ENSEÑANZA</subfield>
    </datafield>
    <datafield tag="942" ind1=" " ind2=" ">
      <subfield code="c">FL</subfield>
    </datafield>
    <datafield tag="952" ind1=" " ind2=" ">
      <subfield code="a">BIB_RECT</subfield>
      <subfield code="b">BIB_UASJ</subfield>
      <subfield code="d">2007-03-02</subfield>
      <subfield code="y">FL</subfield>
      <subfield code="p">04-30530</subfield>
      <subfield code="i">04-30530</subfield>
      <subfield code="g">10</subfield>
      <subfield code="o">F372.46 G215a</subfield>
      <subfield code="e">UASJ</subfield>
      <subfield code="8">CG</subfield>
    </datafield>
  </record>