
  <record>
    <leader>01000aam  22002601a 4500</leader>
    <controlfield tag="001">YPZ86717</controlfield>
    <controlfield tag="003">YPZ</controlfield>
    <controlfield tag="005">200707301820350</controlfield>
    <controlfield tag="008">070730|###########||||||b||||||||||spa|d</controlfield>
    <datafield tag="040" ind1=" " ind2=" ">
      <subfield code="c">SIUNPA</subfield>
    </datafield>
    <datafield tag="041" ind1=" " ind2=" ">
      <subfield code="a">spa</subfield>
    </datafield>
    <datafield tag="044" ind1=" " ind2=" ">
      <subfield code="a">AR</subfield>
    </datafield>
    <datafield tag="080" ind1=" " ind2=" ">
      <subfield code="a">F73(083.824) I611i</subfield>
    </datafield>
    <datafield tag="245" ind1=" " ind2=" ">
      <subfield code="a">Interfaces</subfield>
      <subfield code="b"> : diálogos visuales entre regiones. Arte contemporáneo argentino</subfield>
    </datafield>
    <datafield tag="260" ind1=" " ind2=" ">
      <subfield code="a">Buenos Aires</subfield>
      <subfield code="b"> : Dirección Nacional de Patrimonio y Museos, Dirección de Artes Visuales, Secretaría de Cultura de la Nación</subfield>
      <subfield code="b"> : Fondo Nacional de las Artes</subfield>
      <subfield code="c"> , 2006</subfield>
    </datafield>
    <datafield tag="300" ind1=" " ind2=" ">
      <subfield code="a">33 h. : </subfield>
      <subfield code="b">il. ; </subfield>
      <subfield code="a">[38] h. : </subfield>
      <subfield code="a">49 p. : </subfield>
      <subfield code="a">30 h. : </subfield>
      <subfield code="a">14 h. : </subfield>
      <subfield code="b">il. ; </subfield>
      <subfield code="a">[14] h. : </subfield>
      <subfield code="b">cuadros ; </subfield>
      <subfield code="a">p. 1-6 : </subfield>
      <subfield code="b">mapas ; </subfield>
      <subfield code="a">[10] h. : </subfield>
      <subfield code="b">gráf. ; </subfield>
      <subfield code="a">38 p. : </subfield>
      <subfield code="a">48 p. : </subfield>
      <subfield code="b">cuadros ; </subfield>
      <subfield code="a">48 p. : </subfield>
      <subfield code="b">cuadros ; </subfield>
      <subfield code="a">48 p. : </subfield>
      <subfield code="b">cuadros ; </subfield>
      <subfield code="a">39 p. : </subfield>
      <subfield code="b">cuadros ; </subfield>
      <subfield code="a">[24] p. : </subfield>
      <subfield code="a">24 p. : </subfield>
      <subfield code="b">il. ; </subfield>
      <subfield code="a">8 p. : </subfield>
      <subfield code="b">il. ; </subfield>
      <subfield code="a">62 p. : </subfield>
      <subfield code="b">il. ; </subfield>
      <subfield code="a">24 p. : </subfield>
      <subfield code="a">32 p. : </subfield>
      <subfield code="b">il. ; </subfield>
      <subfield code="a">48 p. : </subfield>
      <subfield code="b">il. ; </subfield>
      <subfield code="a">15 p. : </subfield>
      <subfield code="a">32 p. : </subfield>
      <subfield code="a">11 p. : </subfield>
      <subfield code="a">54 p. : </subfield>
      <subfield code="a">42 p. : </subfield>
      <subfield code="a">46 p. : </subfield>
      <subfield code="b">il. ; </subfield>
      <subfield code="a">10 h. : </subfield>
      <subfield code="a">2 h. : </subfield>
      <subfield code="b">il. ; </subfield>
      <subfield code="a">12 h. : </subfield>
      <subfield code="a">28 p. : </subfield>
      <subfield code="a">51 p. : </subfield>
      <subfield code="b">cuadros ; </subfield>
      <subfield code="a">39 p. : </subfield>
      <subfield code="b">cuadros ; </subfield>
      <subfield code="a">19 p. : </subfield>
      <subfield code="b">il. ; </subfield>
      <subfield code="a">27 p. : </subfield>
      <subfield code="a">32 p. : </subfield>
      <subfield code="a">23 p. : </subfield>
      <subfield code="a">19 h. : </subfield>
      <subfield code="b">il. ; </subfield>
      <subfield code="a">25 h. : </subfield>
      <subfield code="a">40,[8] p. algunas pleg. : </subfield>
      <subfield code="b">il. ; </subfield>
      <subfield code="a">54 p. : </subfield>
      <subfield code="b">il. ; </subfield>
      <subfield code="a">40 p. : </subfield>
      <subfield code="b">il. ; </subfield>
      <subfield code="a">47 p. : </subfield>
      <subfield code="b">il. ; </subfield>
      <subfield code="a">55 p. : </subfield>
      <subfield code="b">il. ; </subfield>
      <subfield code="a">19 p. : </subfield>
      <subfield code="b">il. ; </subfield>
      <subfield code="a">15 p. : </subfield>
      <subfield code="b">il. ; </subfield>
      <subfield code="a">38 p. : </subfield>
      <subfield code="a">39 p. : </subfield>
      <subfield code="b">il. ; </subfield>
      <subfield code="a">50 p. : </subfield>
      <subfield code="b">il. ; </subfield>
      <subfield code="a">39 p. : </subfield>
      <subfield code="b">il. ; </subfield>
      <subfield code="a">[8] p. : </subfield>
      <subfield code="b">il. ; </subfield>
      <subfield code="a">54 p. : </subfield>
      <subfield code="a">45 p. : </subfield>
      <subfield code="a">32 p. : </subfield>
      <subfield code="a">18 p. : </subfield>
      <subfield code="b">il. ; </subfield>
      <subfield code="a">57 p. : </subfield>
      <subfield code="b">il. ; </subfield>
      <subfield code="a">75 p. : </subfield>
      <subfield code="a">[64] p. en varias paginaciones : </subfield>
      <subfield code="b">il. ; </subfield>
      <subfield code="a">67 p. : </subfield>
      <subfield code="a">32 p. : </subfield>
      <subfield code="b">il. ; </subfield>
      <subfield code="a">x, 89 p. : </subfield>
      <subfield code="b">il. ; </subfield>
      <subfield code="a">44 p. : </subfield>
      <subfield code="a">23 p. : </subfield>
      <subfield code="a">ii, 41 p. : </subfield>
      <subfield code="b">il. ; </subfield>
      <subfield code="a">41 p. : </subfield>
      <subfield code="b">il. ; </subfield>
      <subfield code="a">17 p. : </subfield>
      <subfield code="b">il. ; </subfield>
      <subfield code="a">42 p. : </subfield>
      <subfield code="b">il. ; </subfield>
      <subfield code="a">4 p. : </subfield>
      <subfield code="a">2 h. : </subfield>
      <subfield code="a">31 h. : </subfield>
      <subfield code="a">8 p. : </subfield>
      <subfield code="a">37 p. : </subfield>
      <subfield code="a">29 p. : </subfield>
      <subfield code="a">35 p. : </subfield>
      <subfield code="a">24 p. : </subfield>
      <subfield code="a">26 p. : </subfield>
      <subfield code="a">32 p. : </subfield>
      <subfield code="b">il. ; </subfield>
      <subfield code="a">32 p. : </subfield>
      <subfield code="b">il. ; </subfield>
      <subfield code="a">37 p. : </subfield>
      <subfield code="b">il. ; </subfield>
      <subfield code="a">41 p. : </subfield>
      <subfield code="b">il. ; </subfield>
      <subfield code="a">29 p. : </subfield>
      <subfield code="b">il. ; </subfield>
      <subfield code="a">29 p. : </subfield>
      <subfield code="b">il. ; </subfield>
      <subfield code="a">33 p. : </subfield>
      <subfield code="b">il. ; </subfield>
      <subfield code="a">27 p. : </subfield>
      <subfield code="b">il. ; </subfield>
      <subfield code="a">25 p. : </subfield>
      <subfield code="b">il. ; </subfield>
      <subfield code="a">21 p. : </subfield>
      <subfield code="b">il. ; </subfield>
      <subfield code="a">27 p. : </subfield>
      <subfield code="b">il. ; </subfield>
      <subfield code="a">32 p. : </subfield>
      <subfield code="b">il. ; </subfield>
      <subfield code="a">26 p. : </subfield>
      <subfield code="b">il. ; </subfield>
      <subfield code="a">31 p. : </subfield>
      <subfield code="b">il. ; </subfield>
      <subfield code="a">41 p. : </subfield>
      <subfield code="a">24 h. : </subfield>
      <subfield code="a">44 h. : </subfield>
      <subfield code="a">21 p. : </subfield>
      <subfield code="b">il. ; </subfield>
      <subfield code="a">60 p. : </subfield>
      <subfield code="a">31 p. : </subfield>
      <subfield code="a">48 p. : </subfield>
      <subfield code="a">24 p. : </subfield>
      <subfield code="b">il. ; </subfield>
      <subfield code="a">23 p. : </subfield>
      <subfield code="a">p. 1-33 : </subfield>
      <subfield code="b">il. ; </subfield>
      <subfield code="a">61 p. : </subfield>
      <subfield code="b">il. ; </subfield>
      <subfield code="a">39 p . : </subfield>
      <subfield code="a">12 p. : </subfield>
      <subfield code="b">il. ; </subfield>
      <subfield code="a">32 p. : </subfield>
      <subfield code="b">il. ; </subfield>
      <subfield code="a">53 p. : </subfield>
      <subfield code="b">il. ; </subfield>
      <subfield code="a">33 p. : </subfield>
      <subfield code="a">29 p. : </subfield>
      <subfield code="a">34 p. : </subfield>
      <subfield code="a">1 h. pleg. : </subfield>
      <subfield code="b">il. ; </subfield>
      <subfield code="a">1 h. pleg. : </subfield>
      <subfield code="b">il. ; </subfield>
      <subfield code="a">48 p. : </subfield>
      <subfield code="b">il. ; </subfield>
      <subfield code="a">8 p. : </subfield>
      <subfield code="a">8 p. : </subfield>
      <subfield code="a">33 p. : </subfield>
      <subfield code="b">il. ; </subfield>
      <subfield code="a">8 p. : </subfield>
      <subfield code="a">33 p. : </subfield>
      <subfield code="b">il. ; </subfield>
      <subfield code="a">8 p. : </subfield>
      <subfield code="a">p. 2-24 : </subfield>
      <subfield code="b">il. ; </subfield>
      <subfield code="a">33 p. : </subfield>
      <subfield code="b">il. ; </subfield>
      <subfield code="a">33 p. : </subfield>
      <subfield code="b">il. ; </subfield>
      <subfield code="a">p. 2-24 : </subfield>
      <subfield code="b">il. ; </subfield>
      <subfield code="a">8 p. : </subfield>
      <subfield code="b">il. ; </subfield>
      <subfield code="a">8 p. : </subfield>
      <subfield code="a">41 p. : </subfield>
      <subfield code="b">il. ; </subfield>
      <subfield code="a">p. 1-3 : </subfield>
      <subfield code="a">33 p. : </subfield>
      <subfield code="b">il. ; </subfield>
      <subfield code="a">p. 1-2 : </subfield>
      <subfield code="a">35 p. : </subfield>
      <subfield code="a">16 h. : </subfield>
      <subfield code="b">il. ; </subfield>
      <subfield code="a">14 h. : </subfield>
      <subfield code="a">15 p. : </subfield>
      <subfield code="a">26 h. : </subfield>
      <subfield code="b">cuadros ; </subfield>
      <subfield code="a">44 p. : </subfield>
      <subfield code="a">53 p. : </subfield>
      <subfield code="b">il. ; </subfield>
      <subfield code="a">47 p. : </subfield>
      <subfield code="b">il. ; </subfield>
      <subfield code="a">30 p. : </subfield>
      <subfield code="a">35 p. : </subfield>
      <subfield code="b">il. ; </subfield>
      <subfield code="a">52 p. : </subfield>
      <subfield code="b">il. ; </subfield>
      <subfield code="a">51 p. : </subfield>
      <subfield code="b">il. ; </subfield>
      <subfield code="a">v. : </subfield>
      <subfield code="b">il. ; </subfield>
      <subfield code="a">8 h. : </subfield>
      <subfield code="a">36 h. : </subfield>
      <subfield code="b">il. ; </subfield>
      <subfield code="a">45 p. : </subfield>
      <subfield code="a">45 p. : </subfield>
      <subfield code="b">il. ; </subfield>
      <subfield code="a">23 p. : </subfield>
      <subfield code="b">il. ; </subfield>
      <subfield code="a">48 p. : </subfield>
      <subfield code="b">il. ; </subfield>
      <subfield code="a">30 p. : </subfield>
      <subfield code="b">il. ; </subfield>
      <subfield code="e">1 pliego pleg. (6 p.)</subfield>
    </datafield>
    <datafield tag="500" ind1=" " ind2=" ">
      <subfield code="a">Exposiciones: 17/05/06 al 16/06/06. Fondo Nacional de las Artes, Buenos Aires - 08/2006. Museo Provincial de Bellas Artes Timoteo Navarro, Tucumán - 12/2006. Complejo Cultural de Santa Cruz, Río Gallegos</subfield>
    </datafield>
    <datafield tag="650" ind1=" " ind2=" ">
      <subfield code="a"> ARTE CONTEMPORANEO</subfield>
    </datafield>
    <datafield tag="650" ind1=" " ind2=" ">
      <subfield code="a"> FOTOGRAFIA </subfield>
    </datafield>
    <datafield tag="650" ind1=" " ind2=" ">
      <subfield code="a"> PINTURA</subfield>
    </datafield>
    <datafield tag="650" ind1=" " ind2=" ">
      <subfield code="a"> INSTALACION</subfield>
    </datafield>
    <datafield tag="650" ind1=" " ind2=" ">
      <subfield code="a"> CATALOGOS DE EXPOSICIONES</subfield>
    </datafield>
    <datafield tag="942" ind1=" " ind2=" ">
      <subfield code="c">FL</subfield>
    </datafield>
    <datafield tag="952" ind1=" " ind2=" ">
      <subfield code="a">BIB_RECT</subfield>
      <subfield code="b">BIB_UARG</subfield>
      <subfield code="d">2007-07-23</subfield>
      <subfield code="y">FL</subfield>
      <subfield code="p">05-32717</subfield>
      <subfield code="i">05-32717</subfield>
      <subfield code="g">8</subfield>
      <subfield code="o">F73(083.824) I611i</subfield>
      <subfield code="e">Donación</subfield>
      <subfield code="8">CG</subfield>
    </datafield>
    <datafield tag="952" ind1=" " ind2=" ">
      <subfield code="a">BIB_RECT</subfield>
      <subfield code="b">BIB_UARG</subfield>
      <subfield code="d">2007-07-23</subfield>
      <subfield code="y">FL</subfield>
      <subfield code="p">05-32718</subfield>
      <subfield code="i">05-32718</subfield>
      <subfield code="g">8</subfield>
      <subfield code="o">F73(083.824) I611i</subfield>
      <subfield code="e">Donación</subfield>
      <subfield code="8">CG</subfield>
    </datafield>
  </record>