
  <record>
    <leader>01000aam  22002601a 4500</leader>
    <controlfield tag="001">YPZ87572</controlfield>
    <controlfield tag="003">YPZ</controlfield>
    <controlfield tag="005">200802251652470</controlfield>
    <controlfield tag="008">080225|###########||||||b||||||||||spa|d</controlfield>
    <datafield tag="040" ind1=" " ind2=" ">
      <subfield code="c">SIUNPA</subfield>
    </datafield>
    <datafield tag="041" ind1=" " ind2=" ">
      <subfield code="a">spa</subfield>
    </datafield>
    <datafield tag="044" ind1=" " ind2=" ">
      <subfield code="a">CH</subfield>
    </datafield>
    <datafield tag="080" ind1=" " ind2=" ">
      <subfield code="a">F614.2 O686i 2002</subfield>
    </datafield>
    <datafield tag="110" ind1=" " ind2=" ">
      <subfield code="a">Organización Mundial de la Salud.</subfield>
    </datafield>
    <datafield tag="245" ind1=" " ind2=" ">
      <subfield code="a">Informe sobre la salud en el mundo 2002</subfield>
      <subfield code="b"> : reducir los riesgos y promover una vida sana</subfield>
      <subfield code="c"> / Bruntland, Gro Harlem, dir. ; Murray, Christopher, dir. ; Lopez, Alan, dir.</subfield>
    </datafield>
    <datafield tag="260" ind1=" " ind2=" ">
      <subfield code="a">Ginebra</subfield>
      <subfield code="b"> : Organización Mundial de la Salud</subfield>
      <subfield code="c"> , 2002</subfield>
    </datafield>
    <datafield tag="650" ind1=" " ind2=" ">
      <subfield code="a"> SALUD PUBLICA</subfield>
    </datafield>
    <datafield tag="942" ind1=" " ind2=" ">
      <subfield code="c">FL</subfield>
    </datafield>
    <datafield tag="952" ind1=" " ind2=" ">
      <subfield code="a">BIB_RECT</subfield>
      <subfield code="b">BIB_UASJ</subfield>
      <subfield code="d">2008-02-19</subfield>
      <subfield code="y">FL</subfield>
      <subfield code="p">04-34257</subfield>
      <subfield code="i">04-34257</subfield>
      <subfield code="g">10</subfield>
      <subfield code="o">F614.2 O686i 2002</subfield>
      <subfield code="e">Donación</subfield>
      <subfield code="8">CG</subfield>
    </datafield>
  </record>