
  <record>
    <leader>01000aam  22002601a 4500</leader>
    <controlfield tag="001">YPZ87574</controlfield>
    <controlfield tag="003">YPZ</controlfield>
    <controlfield tag="005">200802261103190</controlfield>
    <controlfield tag="008">080226|###########||||||b||||||||||spa|d</controlfield>
    <datafield tag="040" ind1=" " ind2=" ">
      <subfield code="c">SIUNPA</subfield>
    </datafield>
    <datafield tag="041" ind1=" " ind2=" ">
      <subfield code="a">spa</subfield>
    </datafield>
    <datafield tag="044" ind1=" " ind2=" ">
      <subfield code="a">AR</subfield>
    </datafield>
    <datafield tag="080" ind1=" " ind2=" ">
      <subfield code="a">F37(094.5) A691l</subfield>
    </datafield>
    <datafield tag="110" ind1=" " ind2=" ">
      <subfield code="a">Argentina. Leyes, etc..</subfield>
    </datafield>
    <datafield tag="240" ind1=" " ind2=" ">
      <subfield code="a">[Ley 26.206]</subfield>
    </datafield>
    <datafield tag="245" ind1=" " ind2=" ">
      <subfield code="a">Ley nº 26.206</subfield>
      <subfield code="b"> : Ley de educación nacional</subfield>
    </datafield>
    <datafield tag="260" ind1=" " ind2=" ">
      <subfield code="a">Buenos Aires</subfield>
      <subfield code="b"> : Ministerio de Educación, Ciencia y Tecnología</subfield>
      <subfield code="c"> , 2007</subfield>
    </datafield>
    <datafield tag="650" ind1=" " ind2=" ">
      <subfield code="a"> LEY DE EDUCACION NACIONAL</subfield>
    </datafield>
    <datafield tag="650" ind1=" " ind2=" ">
      <subfield code="a"> LEY 26206</subfield>
    </datafield>
    <datafield tag="650" ind1=" " ind2=" ">
      <subfield code="a"> LEGISLACION EDUCATIVA</subfield>
    </datafield>
    <datafield tag="650" ind1=" " ind2=" ">
      <subfield code="a"> ARGENTINA</subfield>
    </datafield>
    <datafield tag="942" ind1=" " ind2=" ">
      <subfield code="c">FL</subfield>
    </datafield>
    <datafield tag="952" ind1=" " ind2=" ">
      <subfield code="a">BIB_RECT</subfield>
      <subfield code="b">BIB_UACO</subfield>
      <subfield code="d">2008-06-06</subfield>
      <subfield code="y">FL</subfield>
      <subfield code="p">02-35911</subfield>
      <subfield code="i">02-35911</subfield>
      <subfield code="g">5</subfield>
      <subfield code="o">F37(094.5) A691l</subfield>
      <subfield code="e">Canje y donación SIUNPA</subfield>
      <subfield code="8">CG</subfield>
    </datafield>
    <datafield tag="952" ind1=" " ind2=" ">
      <subfield code="a">BIB_RECT</subfield>
      <subfield code="b">BIB_UACO</subfield>
      <subfield code="d">2008-06-06</subfield>
      <subfield code="y">FL</subfield>
      <subfield code="p">02-35912</subfield>
      <subfield code="i">02-35912</subfield>
      <subfield code="g">5</subfield>
      <subfield code="o">F37(094.5) A691l</subfield>
      <subfield code="e">Canje y donación SIUNPA</subfield>
      <subfield code="8">CG</subfield>
    </datafield>
    <datafield tag="952" ind1=" " ind2=" ">
      <subfield code="a">BIB_RECT</subfield>
      <subfield code="b">BIB_UACO</subfield>
      <subfield code="d">2008-06-06</subfield>
      <subfield code="y">FL</subfield>
      <subfield code="p">02-35913</subfield>
      <subfield code="i">02-35913</subfield>
      <subfield code="g">5</subfield>
      <subfield code="o">F37(094.5) A691l</subfield>
      <subfield code="e">Canje y donación SIUNPA</subfield>
      <subfield code="8">CG</subfield>
    </datafield>
    <datafield tag="952" ind1=" " ind2=" ">
      <subfield code="a">BIB_RECT</subfield>
      <subfield code="b">BIB_UACO</subfield>
      <subfield code="d">2008-12-16</subfield>
      <subfield code="y">FL</subfield>
      <subfield code="p">02-36508</subfield>
      <subfield code="i">02-36508</subfield>
      <subfield code="g">5</subfield>
      <subfield code="o">F37(094.5) A691l</subfield>
      <subfield code="e">Desconocido</subfield>
      <subfield code="8">CG</subfield>
    </datafield>
    <datafield tag="952" ind1=" " ind2=" ">
      <subfield code="a">BIB_RECT</subfield>
      <subfield code="b">BIB_UART</subfield>
      <subfield code="d">2008-06-06</subfield>
      <subfield code="y">FL</subfield>
      <subfield code="p">03-35908</subfield>
      <subfield code="i">03-35908</subfield>
      <subfield code="g">5</subfield>
      <subfield code="o">F37(094.5) A691l</subfield>
      <subfield code="e">Canje y donación SIUNPA</subfield>
      <subfield code="8">CG</subfield>
    </datafield>
    <datafield tag="952" ind1=" " ind2=" ">
      <subfield code="a">BIB_RECT</subfield>
      <subfield code="b">BIB_UART</subfield>
      <subfield code="d">2008-06-06</subfield>
      <subfield code="y">FL</subfield>
      <subfield code="p">03-35909</subfield>
      <subfield code="i">03-35909</subfield>
      <subfield code="g">5</subfield>
      <subfield code="o">F37(094.5) A691l</subfield>
      <subfield code="e">Canje y donación SIUNPA</subfield>
      <subfield code="8">CG</subfield>
    </datafield>
    <datafield tag="952" ind1=" " ind2=" ">
      <subfield code="a">BIB_RECT</subfield>
      <subfield code="b">BIB_UART</subfield>
      <subfield code="d">2008-06-06</subfield>
      <subfield code="y">FL</subfield>
      <subfield code="p">03-35910</subfield>
      <subfield code="i">03-35910</subfield>
      <subfield code="g">5</subfield>
      <subfield code="o">F37(094.5) A691l</subfield>
      <subfield code="e">Canje y donación SIUNPA</subfield>
      <subfield code="8">CG</subfield>
    </datafield>
    <datafield tag="952" ind1=" " ind2=" ">
      <subfield code="a">BIB_RECT</subfield>
      <subfield code="b">BIB_UASJ</subfield>
      <subfield code="d">2008-02-25</subfield>
      <subfield code="y">FL</subfield>
      <subfield code="p">04-34322</subfield>
      <subfield code="i">04-34322</subfield>
      <subfield code="g">5</subfield>
      <subfield code="o">F37(094.5) A691l</subfield>
      <subfield code="e">Donación</subfield>
      <subfield code="8">CG</subfield>
    </datafield>
    <datafield tag="952" ind1=" " ind2=" ">
      <subfield code="a">BIB_RECT</subfield>
      <subfield code="b">BIB_UASJ</subfield>
      <subfield code="d">2008-02-25</subfield>
      <subfield code="y">FL</subfield>
      <subfield code="p">04-34323</subfield>
      <subfield code="i">04-34323</subfield>
      <subfield code="g">5</subfield>
      <subfield code="o">F37(094.5) A691l</subfield>
      <subfield code="e">Donación</subfield>
      <subfield code="8">CG</subfield>
    </datafield>
    <datafield tag="952" ind1=" " ind2=" ">
      <subfield code="a">BIB_RECT</subfield>
      <subfield code="b">BIB_UASJ</subfield>
      <subfield code="d">2008-02-25</subfield>
      <subfield code="y">FL</subfield>
      <subfield code="p">04-34324</subfield>
      <subfield code="i">04-34324</subfield>
      <subfield code="g">5</subfield>
      <subfield code="o">F37(094.5) A691l</subfield>
      <subfield code="e">Donación</subfield>
      <subfield code="8">CG</subfield>
    </datafield>
    <datafield tag="952" ind1=" " ind2=" ">
      <subfield code="a">BIB_RECT</subfield>
      <subfield code="b">BIB_UASJ</subfield>
      <subfield code="d">2008-02-25</subfield>
      <subfield code="y">FL</subfield>
      <subfield code="p">04-34325</subfield>
      <subfield code="i">04-34325</subfield>
      <subfield code="g">5</subfield>
      <subfield code="o">F37(094.5) A691l</subfield>
      <subfield code="e">Donación</subfield>
      <subfield code="8">CG</subfield>
    </datafield>
    <datafield tag="952" ind1=" " ind2=" ">
      <subfield code="a">BIB_RECT</subfield>
      <subfield code="b">BIB_UASJ</subfield>
      <subfield code="d">2008-02-25</subfield>
      <subfield code="y">FL</subfield>
      <subfield code="p">04-34326</subfield>
      <subfield code="i">04-34326</subfield>
      <subfield code="g">5</subfield>
      <subfield code="o">F37(094.5) A691l</subfield>
      <subfield code="e">Donación</subfield>
      <subfield code="8">CG</subfield>
    </datafield>
    <datafield tag="952" ind1=" " ind2=" ">
      <subfield code="a">BIB_RECT</subfield>
      <subfield code="b">BIB_UASJ</subfield>
      <subfield code="d">2008-02-25</subfield>
      <subfield code="y">FL</subfield>
      <subfield code="p">04-34327</subfield>
      <subfield code="i">04-34327</subfield>
      <subfield code="g">5</subfield>
      <subfield code="o">F37(094.5) A691l</subfield>
      <subfield code="e">Donación</subfield>
      <subfield code="8">CG</subfield>
    </datafield>
    <datafield tag="952" ind1=" " ind2=" ">
      <subfield code="a">BIB_RECT</subfield>
      <subfield code="b">BIB_UASJ</subfield>
      <subfield code="d">2008-02-25</subfield>
      <subfield code="y">FL</subfield>
      <subfield code="p">04-34328</subfield>
      <subfield code="i">04-34328</subfield>
      <subfield code="g">5</subfield>
      <subfield code="o">F37(094.5) A691l</subfield>
      <subfield code="e">Donación</subfield>
      <subfield code="8">CG</subfield>
    </datafield>
    <datafield tag="952" ind1=" " ind2=" ">
      <subfield code="a">BIB_RECT</subfield>
      <subfield code="b">BIB_UASJ</subfield>
      <subfield code="d">2008-02-25</subfield>
      <subfield code="y">FL</subfield>
      <subfield code="p">04-34329</subfield>
      <subfield code="i">04-34329</subfield>
      <subfield code="g">5</subfield>
      <subfield code="o">F37(094.5) A691l</subfield>
      <subfield code="e">Donación</subfield>
      <subfield code="8">CG</subfield>
    </datafield>
    <datafield tag="952" ind1=" " ind2=" ">
      <subfield code="a">BIB_RECT</subfield>
      <subfield code="b">BIB_UASJ</subfield>
      <subfield code="d">2008-02-25</subfield>
      <subfield code="y">FL</subfield>
      <subfield code="p">04-34330</subfield>
      <subfield code="i">04-34330</subfield>
      <subfield code="g">5</subfield>
      <subfield code="o">F37(094.5) A691l</subfield>
      <subfield code="e">Donación</subfield>
      <subfield code="8">CG</subfield>
    </datafield>
    <datafield tag="952" ind1=" " ind2=" ">
      <subfield code="a">BIB_RECT</subfield>
      <subfield code="b">BIB_UARG</subfield>
      <subfield code="d">2008-06-06</subfield>
      <subfield code="y">FL</subfield>
      <subfield code="p">05-35915</subfield>
      <subfield code="i">05-35915</subfield>
      <subfield code="g">5</subfield>
      <subfield code="o">F37(094.5) A691l</subfield>
      <subfield code="e">Canje y donación SIUNPA</subfield>
      <subfield code="8">CG</subfield>
    </datafield>
    <datafield tag="952" ind1=" " ind2=" ">
      <subfield code="a">BIB_RECT</subfield>
      <subfield code="b">BIB_UARG</subfield>
      <subfield code="d">2008-06-06</subfield>
      <subfield code="y">FL</subfield>
      <subfield code="p">05-35916</subfield>
      <subfield code="i">05-35916</subfield>
      <subfield code="g">5</subfield>
      <subfield code="o">F37(094.5) A691l</subfield>
      <subfield code="e">Canje y donación SIUNPA</subfield>
      <subfield code="8">CG</subfield>
    </datafield>
    <datafield tag="952" ind1=" " ind2=" ">
      <subfield code="a">BIB_RECT</subfield>
      <subfield code="b">BIB_UARG</subfield>
      <subfield code="d">2008-06-06</subfield>
      <subfield code="y">FL</subfield>
      <subfield code="p">05-35917</subfield>
      <subfield code="i">05-35917</subfield>
      <subfield code="g">5</subfield>
      <subfield code="o">F37(094.5) A691l</subfield>
      <subfield code="e">Canje y donación SIUNPA</subfield>
      <subfield code="8">CG</subfield>
    </datafield>
  </record>