
  <record>
    <leader>01000aam  22002601a 4500</leader>
    <controlfield tag="001">YPZ87593</controlfield>
    <controlfield tag="003">YPZ</controlfield>
    <controlfield tag="005">200802271240190</controlfield>
    <controlfield tag="008">080227|###########||||||b||||||||||spa|d</controlfield>
    <datafield tag="040" ind1=" " ind2=" ">
      <subfield code="c">SIUNPA</subfield>
    </datafield>
    <datafield tag="041" ind1=" " ind2=" ">
      <subfield code="a">spa</subfield>
    </datafield>
    <datafield tag="044" ind1=" " ind2=" ">
      <subfield code="a">AR</subfield>
    </datafield>
    <datafield tag="080" ind1=" " ind2=" ">
      <subfield code="a">F614(82) A691i 1997</subfield>
    </datafield>
    <datafield tag="110" ind1=" " ind2=" ">
      <subfield code="a">Argentina. Ministerio de Salud y Acción Social.</subfield>
    </datafield>
    <datafield tag="710" ind1=" " ind2=" ">
      <subfield code="a">Organización Panamericana de la Salud.</subfield>
    </datafield>
    <datafield tag="245" ind1=" " ind2=" ">
      <subfield code="a">Indicadores básicos 1997</subfield>
    </datafield>
    <datafield tag="260" ind1=" " ind2=" ">
      <subfield code="a">Buenos Aires</subfield>
      <subfield code="b"> : Argentina. Ministerio de Salud y Acción Social</subfield>
      <subfield code="b"> : Organización Panamericana de la Salud</subfield>
      <subfield code="c"> , [1998]</subfield>
    </datafield>
    <datafield tag="650" ind1=" " ind2=" ">
      <subfield code="a"> SALUD PUBLICA</subfield>
    </datafield>
    <datafield tag="650" ind1=" " ind2=" ">
      <subfield code="a"> MORTALIDAD</subfield>
    </datafield>
    <datafield tag="650" ind1=" " ind2=" ">
      <subfield code="a"> DEMOGRAFIA </subfield>
    </datafield>
    <datafield tag="650" ind1=" " ind2=" ">
      <subfield code="a"> ORGANIZACION DE LA SALUD</subfield>
    </datafield>
    <datafield tag="650" ind1=" " ind2=" ">
      <subfield code="a"> SITUACION SOCIO</subfield>
    </datafield>
    <datafield tag="650" ind1=" " ind2=" ">
      <subfield code="a">ECONOMICA </subfield>
    </datafield>
    <datafield tag="650" ind1=" " ind2=" ">
      <subfield code="a"> DATO ESTADISTICO</subfield>
    </datafield>
    <datafield tag="650" ind1=" " ind2=" ">
      <subfield code="a"> ARGENTINA</subfield>
    </datafield>
    <datafield tag="942" ind1=" " ind2=" ">
      <subfield code="c">FL</subfield>
    </datafield>
    <datafield tag="952" ind1=" " ind2=" ">
      <subfield code="a">BIB_RECT</subfield>
      <subfield code="b">BIB_UASJ</subfield>
      <subfield code="d">2008-02-27</subfield>
      <subfield code="y">FL</subfield>
      <subfield code="p">04-x0142</subfield>
      <subfield code="i">04-x0142</subfield>
      <subfield code="g">3</subfield>
      <subfield code="o">F614(82) A691i 1997</subfield>
      <subfield code="e">Donación</subfield>
      <subfield code="8">CG</subfield>
    </datafield>
    <datafield tag="952" ind1=" " ind2=" ">
      <subfield code="a">BIB_RECT</subfield>
      <subfield code="b">BIB_UASJ</subfield>
      <subfield code="d">2008-02-27</subfield>
      <subfield code="y">FL</subfield>
      <subfield code="p">04-x0143</subfield>
      <subfield code="i">04-x0143</subfield>
      <subfield code="g">3</subfield>
      <subfield code="o">F614(82) A691i 1997</subfield>
      <subfield code="e">Donación</subfield>
      <subfield code="8">CG</subfield>
    </datafield>
    <datafield tag="952" ind1=" " ind2=" ">
      <subfield code="a">BIB_RECT</subfield>
      <subfield code="b">BIB_UASJ</subfield>
      <subfield code="d">2008-02-27</subfield>
      <subfield code="y">FL</subfield>
      <subfield code="p">04-x0144</subfield>
      <subfield code="i">04-x0144</subfield>
      <subfield code="g">3</subfield>
      <subfield code="o">F614(82) A691i 1997</subfield>
      <subfield code="e">Donación</subfield>
      <subfield code="8">CG</subfield>
    </datafield>
    <datafield tag="952" ind1=" " ind2=" ">
      <subfield code="a">BIB_RECT</subfield>
      <subfield code="b">BIB_UASJ</subfield>
      <subfield code="d">2008-02-27</subfield>
      <subfield code="y">FL</subfield>
      <subfield code="p">04-x0145</subfield>
      <subfield code="i">04-x0145</subfield>
      <subfield code="g">3</subfield>
      <subfield code="o">F614(82) A691i 1997</subfield>
      <subfield code="e">Donación</subfield>
      <subfield code="8">CG</subfield>
    </datafield>
    <datafield tag="952" ind1=" " ind2=" ">
      <subfield code="a">BIB_RECT</subfield>
      <subfield code="b">BIB_UASJ</subfield>
      <subfield code="d">2008-02-27</subfield>
      <subfield code="y">FL</subfield>
      <subfield code="p">04-x0146</subfield>
      <subfield code="i">04-x0146</subfield>
      <subfield code="g">3</subfield>
      <subfield code="o">F614(82) A691i 1997</subfield>
      <subfield code="e">Donación</subfield>
      <subfield code="8">CG</subfield>
    </datafield>
    <datafield tag="952" ind1=" " ind2=" ">
      <subfield code="a">BIB_RECT</subfield>
      <subfield code="b">BIB_UASJ</subfield>
      <subfield code="d">2008-02-27</subfield>
      <subfield code="y">FL</subfield>
      <subfield code="p">04-x0147</subfield>
      <subfield code="i">04-x0147</subfield>
      <subfield code="g">3</subfield>
      <subfield code="o">F614(82) A691i 1997</subfield>
      <subfield code="e">Donación</subfield>
      <subfield code="8">CG</subfield>
    </datafield>
    <datafield tag="952" ind1=" " ind2=" ">
      <subfield code="a">BIB_RECT</subfield>
      <subfield code="b">BIB_UASJ</subfield>
      <subfield code="d">2008-02-27</subfield>
      <subfield code="y">FL</subfield>
      <subfield code="p">04-x0148</subfield>
      <subfield code="i">04-x0148</subfield>
      <subfield code="g">3</subfield>
      <subfield code="o">F614(82) A691i 1997</subfield>
      <subfield code="e">Donación</subfield>
      <subfield code="8">CG</subfield>
    </datafield>
    <datafield tag="952" ind1=" " ind2=" ">
      <subfield code="a">BIB_RECT</subfield>
      <subfield code="b">BIB_UASJ</subfield>
      <subfield code="d">2008-02-27</subfield>
      <subfield code="y">FL</subfield>
      <subfield code="p">04-x0149</subfield>
      <subfield code="i">04-x0149</subfield>
      <subfield code="g">3</subfield>
      <subfield code="o">F614(82) A691i 1997</subfield>
      <subfield code="e">Donación</subfield>
      <subfield code="8">CG</subfield>
    </datafield>
    <datafield tag="952" ind1=" " ind2=" ">
      <subfield code="a">BIB_RECT</subfield>
      <subfield code="b">BIB_UASJ</subfield>
      <subfield code="d">2008-02-27</subfield>
      <subfield code="y">FL</subfield>
      <subfield code="p">04-x0150</subfield>
      <subfield code="i">04-x0150</subfield>
      <subfield code="g">3</subfield>
      <subfield code="o">F614(82) A691i 1997</subfield>
      <subfield code="e">Donación</subfield>
      <subfield code="8">CG</subfield>
    </datafield>
    <datafield tag="952" ind1=" " ind2=" ">
      <subfield code="a">BIB_RECT</subfield>
      <subfield code="b">BIB_UASJ</subfield>
      <subfield code="d">2008-02-27</subfield>
      <subfield code="y">FL</subfield>
      <subfield code="p">04-x0151</subfield>
      <subfield code="i">04-x0151</subfield>
      <subfield code="g">3</subfield>
      <subfield code="o">F614(82) A691i 1997</subfield>
      <subfield code="e">Donación</subfield>
      <subfield code="8">CG</subfield>
    </datafield>
    <datafield tag="952" ind1=" " ind2=" ">
      <subfield code="a">BIB_RECT</subfield>
      <subfield code="b">BIB_UASJ</subfield>
      <subfield code="d">2008-02-27</subfield>
      <subfield code="y">FL</subfield>
      <subfield code="p">04-x0152</subfield>
      <subfield code="i">04-x0152</subfield>
      <subfield code="g">3</subfield>
      <subfield code="o">F614(82) A691i 1997</subfield>
      <subfield code="e">Donación</subfield>
      <subfield code="8">CG</subfield>
    </datafield>
    <datafield tag="952" ind1=" " ind2=" ">
      <subfield code="a">BIB_RECT</subfield>
      <subfield code="b">BIB_UASJ</subfield>
      <subfield code="d">2008-02-19</subfield>
      <subfield code="y">FL</subfield>
      <subfield code="p">04-x0153</subfield>
      <subfield code="i">04-x0153</subfield>
      <subfield code="g">3</subfield>
      <subfield code="o">F614(82) A691i 1997</subfield>
      <subfield code="e">Donación</subfield>
      <subfield code="8">CG</subfield>
    </datafield>
  </record>