
  <record>
    <leader>01000aam  22002601a 4500</leader>
    <controlfield tag="001">YPZ87607</controlfield>
    <controlfield tag="003">YPZ</controlfield>
    <controlfield tag="005">200802280959590</controlfield>
    <controlfield tag="008">080228|###########||||||b||||||||||spa|d</controlfield>
    <datafield tag="040" ind1=" " ind2=" ">
      <subfield code="c">SIUNPA</subfield>
    </datafield>
    <datafield tag="041" ind1=" " ind2=" ">
      <subfield code="a">spa</subfield>
    </datafield>
    <datafield tag="044" ind1=" " ind2=" ">
      <subfield code="a">AR</subfield>
    </datafield>
    <datafield tag="080" ind1=" " ind2=" ">
      <subfield code="a">F821.134.2(82) A316a</subfield>
    </datafield>
    <datafield tag="110" ind1=" " ind2=" ">
      <subfield code="a">UNPA. Unidad Académica Caleta Olivia. Talleres literarios 1998.</subfield>
    </datafield>
    <datafield tag="245" ind1=" " ind2=" ">
      <subfield code="a">Al pie de la letra</subfield>
      <subfield code="b"> : antología</subfield>
    </datafield>
    <datafield tag="260" ind1=" " ind2=" ">
      <subfield code="a">Caleta Olivia</subfield>
      <subfield code="b"> : Unidad Académica Caleta Olivia, UNPA</subfield>
      <subfield code="c"> , 1998</subfield>
    </datafield>
    <datafield tag="650" ind1=" " ind2=" ">
      <subfield code="a"> LITERATURA ARGENTINA</subfield>
    </datafield>
    <datafield tag="650" ind1=" " ind2=" ">
      <subfield code="a"> CUENTO</subfield>
    </datafield>
    <datafield tag="650" ind1=" " ind2=" ">
      <subfield code="a"> POESIA </subfield>
    </datafield>
    <datafield tag="650" ind1=" " ind2=" ">
      <subfield code="a"> ANTOLOGIA</subfield>
    </datafield>
    <datafield tag="650" ind1=" " ind2=" ">
      <subfield code="a"> SANTA CRUZ (ARGENTINA)</subfield>
    </datafield>
    <datafield tag="942" ind1=" " ind2=" ">
      <subfield code="c">FL</subfield>
    </datafield>
    <datafield tag="952" ind1=" " ind2=" ">
      <subfield code="a">BIB_RECT</subfield>
      <subfield code="b">BIB_UACO</subfield>
      <subfield code="d">2008-02-28</subfield>
      <subfield code="y">FL</subfield>
      <subfield code="p">02-24569</subfield>
      <subfield code="i">02-24569</subfield>
      <subfield code="g">5</subfield>
      <subfield code="o">F821.134.2(82) A316a</subfield>
      <subfield code="e">Donación</subfield>
      <subfield code="8">CG</subfield>
    </datafield>
    <datafield tag="952" ind1=" " ind2=" ">
      <subfield code="a">BIB_RECT</subfield>
      <subfield code="b">BIB_UACO</subfield>
      <subfield code="d">2008-02-28</subfield>
      <subfield code="y">FL</subfield>
      <subfield code="p">02-24570</subfield>
      <subfield code="i">02-24570</subfield>
      <subfield code="g">5</subfield>
      <subfield code="o">F821.134.2(82) A316a</subfield>
      <subfield code="e">Donación</subfield>
      <subfield code="8">CG</subfield>
    </datafield>
    <datafield tag="952" ind1=" " ind2=" ">
      <subfield code="a">BIB_RECT</subfield>
      <subfield code="b">BIB_UACO</subfield>
      <subfield code="d">2008-02-28</subfield>
      <subfield code="y">FL</subfield>
      <subfield code="p">02-24571</subfield>
      <subfield code="i">02-24571</subfield>
      <subfield code="g">5</subfield>
      <subfield code="o">F821.134.2(82) A316a</subfield>
      <subfield code="e">Donación</subfield>
      <subfield code="8">CG</subfield>
    </datafield>
    <datafield tag="952" ind1=" " ind2=" ">
      <subfield code="a">BIB_RECT</subfield>
      <subfield code="b">BIB_UACO</subfield>
      <subfield code="d">2008-02-27</subfield>
      <subfield code="y">FL</subfield>
      <subfield code="p">02-34365</subfield>
      <subfield code="i">02-34365</subfield>
      <subfield code="g">10</subfield>
      <subfield code="o">F821.134.2(82) A316a</subfield>
      <subfield code="e">Secretaría de Extensión UACO</subfield>
      <subfield code="8">CG</subfield>
    </datafield>
    <datafield tag="952" ind1=" " ind2=" ">
      <subfield code="a">BIB_RECT</subfield>
      <subfield code="b">BIB_UACO</subfield>
      <subfield code="d">2008-06-03</subfield>
      <subfield code="y">FL</subfield>
      <subfield code="p">02-35851</subfield>
      <subfield code="i">02-35851</subfield>
      <subfield code="g">5</subfield>
      <subfield code="o">F821.134.2(82) A316a</subfield>
      <subfield code="e">Canje</subfield>
      <subfield code="8">CG</subfield>
    </datafield>
    <datafield tag="952" ind1=" " ind2=" ">
      <subfield code="a">BIB_RECT</subfield>
      <subfield code="b">BIB_UACO</subfield>
      <subfield code="d">2008-06-03</subfield>
      <subfield code="y">FL</subfield>
      <subfield code="p">02-35852</subfield>
      <subfield code="i">02-35852</subfield>
      <subfield code="g">5</subfield>
      <subfield code="o">F821.134.2(82) A316a</subfield>
      <subfield code="e">Canje</subfield>
      <subfield code="8">CG</subfield>
    </datafield>
    <datafield tag="952" ind1=" " ind2=" ">
      <subfield code="a">BIB_RECT</subfield>
      <subfield code="b">BIB_UART</subfield>
      <subfield code="d">2008-02-27</subfield>
      <subfield code="y">FL</subfield>
      <subfield code="p">03-34368</subfield>
      <subfield code="i">03-34368</subfield>
      <subfield code="g">10</subfield>
      <subfield code="o">F821.134.2(82) A316a</subfield>
      <subfield code="e">Secretaría de Extensión UACO</subfield>
      <subfield code="8">CG</subfield>
    </datafield>
    <datafield tag="952" ind1=" " ind2=" ">
      <subfield code="a">BIB_RECT</subfield>
      <subfield code="b">BIB_UASJ</subfield>
      <subfield code="d">2008-02-27</subfield>
      <subfield code="y">FL</subfield>
      <subfield code="p">04-34367</subfield>
      <subfield code="i">04-34367</subfield>
      <subfield code="g">10</subfield>
      <subfield code="o">F821.134.2(82) A316a</subfield>
      <subfield code="e">Secretaría de Extensión UACO</subfield>
      <subfield code="8">CG</subfield>
    </datafield>
    <datafield tag="952" ind1=" " ind2=" ">
      <subfield code="a">BIB_RECT</subfield>
      <subfield code="b">BIB_UARG</subfield>
      <subfield code="d">2008-02-27</subfield>
      <subfield code="y">FL</subfield>
      <subfield code="p">05-34374</subfield>
      <subfield code="i">05-34374</subfield>
      <subfield code="g">10</subfield>
      <subfield code="o">F821.134.2(82) A316a</subfield>
      <subfield code="e">Secretaría de Extensión UACO</subfield>
      <subfield code="8">CG</subfield>
    </datafield>
    <datafield tag="952" ind1=" " ind2=" ">
      <subfield code="a">BIB_RECT</subfield>
      <subfield code="b">SAT_TRUN</subfield>
      <subfield code="d">2008-02-28</subfield>
      <subfield code="y">FL</subfield>
      <subfield code="p">10-34369</subfield>
      <subfield code="i">10-34369</subfield>
      <subfield code="g">10</subfield>
      <subfield code="o">F821.134.2(82) A316a</subfield>
      <subfield code="e">Secretaría de Extensión UACO</subfield>
      <subfield code="8">CG</subfield>
    </datafield>
    <datafield tag="952" ind1=" " ind2=" ">
      <subfield code="a">BIB_RECT</subfield>
      <subfield code="b">SAT_PBNA</subfield>
      <subfield code="d">2008-02-27</subfield>
      <subfield code="y">FL</subfield>
      <subfield code="p">11-34370</subfield>
      <subfield code="i">11-34370</subfield>
      <subfield code="g">10</subfield>
      <subfield code="o">F821.134.2(82) A316a</subfield>
      <subfield code="e">Secretaría de Extensión UACO</subfield>
      <subfield code="8">CG</subfield>
    </datafield>
    <datafield tag="952" ind1=" " ind2=" ">
      <subfield code="a">BIB_RECT</subfield>
      <subfield code="b">SAT_CLFT</subfield>
      <subfield code="d">2008-02-27</subfield>
      <subfield code="y">FL</subfield>
      <subfield code="p">12-34371</subfield>
      <subfield code="i">12-34371</subfield>
      <subfield code="g">10</subfield>
      <subfield code="o">F821.134.2(82) A316a</subfield>
      <subfield code="e">Secretaría de Extensión UACO</subfield>
      <subfield code="8">CG</subfield>
    </datafield>
    <datafield tag="952" ind1=" " ind2=" ">
      <subfield code="a">BIB_RECT</subfield>
      <subfield code="b">SAT_PMDN </subfield>
      <subfield code="d">2008-02-27</subfield>
      <subfield code="y">FL</subfield>
      <subfield code="p">15-34372</subfield>
      <subfield code="i">15-34372</subfield>
      <subfield code="g">10</subfield>
      <subfield code="o">F821.134.2(82) A316a</subfield>
      <subfield code="e">Secretaría de Extensión UACO</subfield>
      <subfield code="8">CG</subfield>
    </datafield>
    <datafield tag="952" ind1=" " ind2=" ">
      <subfield code="a">BIB_RECT</subfield>
      <subfield code="b">SAT_RGRA</subfield>
      <subfield code="d">2008-02-27</subfield>
      <subfield code="y">FL</subfield>
      <subfield code="p">17-34373</subfield>
      <subfield code="i">17-34373</subfield>
      <subfield code="g">10</subfield>
      <subfield code="o">F821.134.2(82) A316a</subfield>
      <subfield code="e">Secretaría de Extensión UACO</subfield>
      <subfield code="8">CG</subfield>
    </datafield>
    <datafield tag="952" ind1=" " ind2=" ">
      <subfield code="a">BIB_RECT</subfield>
      <subfield code="b">SAT_GREG</subfield>
      <subfield code="d">2008-02-28</subfield>
      <subfield code="y">FL</subfield>
      <subfield code="p">18-34366</subfield>
      <subfield code="i">18-34366</subfield>
      <subfield code="g">10</subfield>
      <subfield code="o">F821.134.2(82) A316a</subfield>
      <subfield code="e">Secretaría de Extensión UACO</subfield>
      <subfield code="8">CG</subfield>
    </datafield>
  </record>