
  <record>
    <leader>01000aam  22002601a 4500</leader>
    <controlfield tag="001">YPZ87768</controlfield>
    <controlfield tag="003">YPZ</controlfield>
    <controlfield tag="005">200803111154190</controlfield>
    <controlfield tag="008">080311|###########||||||b||||||||||spa|d</controlfield>
    <datafield tag="040" ind1=" " ind2=" ">
      <subfield code="c">SIUNPA</subfield>
    </datafield>
    <datafield tag="041" ind1=" " ind2=" ">
      <subfield code="a">spa</subfield>
    </datafield>
    <datafield tag="044" ind1=" " ind2=" ">
      <subfield code="a">AR</subfield>
    </datafield>
    <datafield tag="080" ind1=" " ind2=" ">
      <subfield code="a">F556(091) F955b</subfield>
    </datafield>
    <datafield tag="100" ind1=" " ind2=" ">
      <subfield code="a">Fueyo, Nohra Leonor.</subfield>
    </datafield>
    <datafield tag="245" ind1=" " ind2=" ">
      <subfield code="a">En busca del agua prometida</subfield>
      <subfield code="b"> : Puerto San Julián provincia de Santa Cruz</subfield>
    </datafield>
    <datafield tag="260" ind1=" " ind2=" ">
      <subfield code="a">Río Gallegos</subfield>
      <subfield code="b"> : Servicios Públicos, SPSE</subfield>
      <subfield code="c"> , [2007]</subfield>
    </datafield>
    <datafield tag="650" ind1=" " ind2=" ">
      <subfield code="a"> ABASTECIMIENTO DE AGUA</subfield>
    </datafield>
    <datafield tag="650" ind1=" " ind2=" ">
      <subfield code="a"> PUERTO SAN JULIAN (SANTA CRUZ)</subfield>
    </datafield>
    <datafield tag="942" ind1=" " ind2=" ">
      <subfield code="c">FL</subfield>
    </datafield>
    <datafield tag="952" ind1=" " ind2=" ">
      <subfield code="a">BIB_RECT</subfield>
      <subfield code="b">BIB_UASJ</subfield>
      <subfield code="d">2008-03-04</subfield>
      <subfield code="y">FL</subfield>
      <subfield code="p">04-34573</subfield>
      <subfield code="i">04-34573</subfield>
      <subfield code="g">19</subfield>
      <subfield code="o">F556(091) F955b</subfield>
      <subfield code="e">Donación SPSE</subfield>
      <subfield code="8">CG</subfield>
    </datafield>
    <datafield tag="952" ind1=" " ind2=" ">
      <subfield code="a">BIB_RECT</subfield>
      <subfield code="b">BIB_UASJ</subfield>
      <subfield code="d">2008-03-04</subfield>
      <subfield code="y">FL</subfield>
      <subfield code="p">04-34574</subfield>
      <subfield code="i">04-34574</subfield>
      <subfield code="g">19</subfield>
      <subfield code="o">F556(091) F955b</subfield>
      <subfield code="e">Donación SPSE</subfield>
      <subfield code="8">CG</subfield>
    </datafield>
    <datafield tag="952" ind1=" " ind2=" ">
      <subfield code="a">BIB_RECT</subfield>
      <subfield code="b">BIB_UASJ</subfield>
      <subfield code="d">2008-03-04</subfield>
      <subfield code="y">FL</subfield>
      <subfield code="p">04-34575</subfield>
      <subfield code="i">04-34575</subfield>
      <subfield code="g">19</subfield>
      <subfield code="o">F556(091) F955b</subfield>
      <subfield code="e">Donación SPSE</subfield>
      <subfield code="8">CG</subfield>
    </datafield>
    <datafield tag="952" ind1=" " ind2=" ">
      <subfield code="a">BIB_RECT</subfield>
      <subfield code="b">BIB_UASJ</subfield>
      <subfield code="d">2008-03-04</subfield>
      <subfield code="y">FL</subfield>
      <subfield code="p">04-34576</subfield>
      <subfield code="i">04-34576</subfield>
      <subfield code="g">19</subfield>
      <subfield code="o">F556(091) F955b</subfield>
      <subfield code="e">Donación SPSE</subfield>
      <subfield code="8">CG</subfield>
    </datafield>
  </record>