
  <record>
    <leader>01000aam  22002601a 4500</leader>
    <controlfield tag="001">YPZ88619</controlfield>
    <controlfield tag="003">YPZ</controlfield>
    <controlfield tag="005">200805141448560</controlfield>
    <controlfield tag="008">080514|###########||||||b||||||||||spa|d</controlfield>
    <datafield tag="040" ind1=" " ind2=" ">
      <subfield code="c">SIUNPA</subfield>
    </datafield>
    <datafield tag="041" ind1=" " ind2=" ">
      <subfield code="a">spa</subfield>
    </datafield>
    <datafield tag="044" ind1=" " ind2=" ">
      <subfield code="a">AR</subfield>
    </datafield>
    <datafield tag="080" ind1=" " ind2=" ">
      <subfield code="a">F537.531 F921r</subfield>
    </datafield>
    <datafield tag="100" ind1=" " ind2=" ">
      <subfield code="a">Frizzera, Victor Daniel.</subfield>
    </datafield>
    <datafield tag="245" ind1=" " ind2=" ">
      <subfield code="a">Radiaciones no ionizantes</subfield>
    </datafield>
    <datafield tag="260" ind1=" " ind2=" ">
      <subfield code="a">Buenos Aires</subfield>
      <subfield code="b"> : Comisión Nacional de Comunicaciones</subfield>
      <subfield code="c"> , 2007</subfield>
    </datafield>
    <datafield tag="650" ind1=" " ind2=" ">
      <subfield code="a"> RADIACION ELECTROMAGNETICA</subfield>
    </datafield>
    <datafield tag="650" ind1=" " ind2=" ">
      <subfield code="a"> RADIACION NO IONIZANTE</subfield>
    </datafield>
    <datafield tag="942" ind1=" " ind2=" ">
      <subfield code="c">FL</subfield>
    </datafield>
    <datafield tag="952" ind1=" " ind2=" ">
      <subfield code="a">BIB_RECT</subfield>
      <subfield code="b">BIB_UARG</subfield>
      <subfield code="d">2008-02-25</subfield>
      <subfield code="y">FL</subfield>
      <subfield code="p">05-35561</subfield>
      <subfield code="i">05-35561</subfield>
      <subfield code="g">12</subfield>
      <subfield code="o">F537.531 F921r</subfield>
      <subfield code="e">Namuncurá, Ceferino</subfield>
      <subfield code="8">CG</subfield>
    </datafield>
    <datafield tag="952" ind1=" " ind2=" ">
      <subfield code="a">BIB_RECT</subfield>
      <subfield code="b">BIB_UARG</subfield>
      <subfield code="d">2008-02-25</subfield>
      <subfield code="y">FL</subfield>
      <subfield code="p">05-35562</subfield>
      <subfield code="i">05-35562</subfield>
      <subfield code="g">12</subfield>
      <subfield code="o">F537.531 F921r</subfield>
      <subfield code="e">Namuncurá, Ceferino</subfield>
      <subfield code="8">CG</subfield>
    </datafield>
    <datafield tag="952" ind1=" " ind2=" ">
      <subfield code="a">BIB_RECT</subfield>
      <subfield code="b">BIB_UARG</subfield>
      <subfield code="d">2008-02-25</subfield>
      <subfield code="y">FL</subfield>
      <subfield code="p">05-35563</subfield>
      <subfield code="i">05-35563</subfield>
      <subfield code="g">12</subfield>
      <subfield code="o">F537.531 F921r</subfield>
      <subfield code="e">Namuncurá, Ceferino</subfield>
      <subfield code="8">CG</subfield>
    </datafield>
  </record>