
  <record>
    <leader>01000aam  22002601a 4500</leader>
    <controlfield tag="001">YPZ89899</controlfield>
    <controlfield tag="003">YPZ</controlfield>
    <controlfield tag="005">200809301402210</controlfield>
    <controlfield tag="008">080930|###########||||||b||||||||||spa|d</controlfield>
    <datafield tag="040" ind1=" " ind2=" ">
      <subfield code="c">SIUNPA</subfield>
    </datafield>
    <datafield tag="041" ind1=" " ind2=" ">
      <subfield code="a">spa</subfield>
    </datafield>
    <datafield tag="044" ind1=" " ind2=" ">
      <subfield code="a">AR</subfield>
    </datafield>
    <datafield tag="080" ind1=" " ind2=" ">
      <subfield code="a">F061:639.2 I592t</subfield>
    </datafield>
    <datafield tag="110" ind1=" " ind2=" ">
      <subfield code="a">Instituto Nacional de Investigación y Desarrollo Pesquero, INIDEP (Argentina).</subfield>
    </datafield>
    <datafield tag="245" ind1=" " ind2=" ">
      <subfield code="a">30 Aniversario 1977-2007</subfield>
      <subfield code="b"> : Instituto Nacional de Investigación y Desarrollo Pesquero</subfield>
    </datafield>
    <datafield tag="260" ind1=" " ind2=" ">
      <subfield code="a">Mar del Plata</subfield>
      <subfield code="b"> : Instituto Nacional de Investigación y Desarrollo Pesquero, INIDEP</subfield>
      <subfield code="c"> , 2007</subfield>
    </datafield>
    <datafield tag="650" ind1=" " ind2=" ">
      <subfield code="a"> INSTITUCIONES DE INVESTIGACION</subfield>
    </datafield>
    <datafield tag="650" ind1=" " ind2=" ">
      <subfield code="a"> ARGENTINA</subfield>
    </datafield>
    <datafield tag="942" ind1=" " ind2=" ">
      <subfield code="c">FL</subfield>
    </datafield>
    <datafield tag="952" ind1=" " ind2=" ">
      <subfield code="a">BIB_RECT</subfield>
      <subfield code="b">BIB_UACO</subfield>
      <subfield code="d">2010-11-24</subfield>
      <subfield code="y">FL</subfield>
      <subfield code="p">02-40413</subfield>
      <subfield code="i">02-40413</subfield>
      <subfield code="g">20</subfield>
      <subfield code="o">F061:639.2 I592t</subfield>
      <subfield code="e">Bibl. y Servicio de Documentación INIDEP</subfield>
      <subfield code="8">CG</subfield>
    </datafield>
    <datafield tag="952" ind1=" " ind2=" ">
      <subfield code="a">BIB_RECT</subfield>
      <subfield code="b">BIB_UASJ</subfield>
      <subfield code="d">2008-08-26</subfield>
      <subfield code="y">FL</subfield>
      <subfield code="p">04-36265</subfield>
      <subfield code="i">04-36265</subfield>
      <subfield code="g">10</subfield>
      <subfield code="o">F061:639.2 I592t</subfield>
      <subfield code="e">UASJ</subfield>
      <subfield code="8">CG</subfield>
    </datafield>
  </record>