
  <record>
    <leader>01000aam  22002601a 4500</leader>
    <controlfield tag="001">YPZ90484</controlfield>
    <controlfield tag="003">YPZ</controlfield>
    <controlfield tag="005">200812161301230</controlfield>
    <controlfield tag="008">081216|###########||||||b||||||||||spa|d</controlfield>
    <datafield tag="020" ind1=" " ind2=" ">
      <subfield code="a">9871040520</subfield>
    </datafield>
    <datafield tag="040" ind1=" " ind2=" ">
      <subfield code="c">SIUNPA</subfield>
    </datafield>
    <datafield tag="041" ind1=" " ind2=" ">
      <subfield code="a">spa</subfield>
    </datafield>
    <datafield tag="044" ind1=" " ind2=" ">
      <subfield code="a">AR</subfield>
    </datafield>
    <datafield tag="080" ind1=" " ind2=" ">
      <subfield code="a">F598.231 M868p</subfield>
    </datafield>
    <datafield tag="100" ind1=" " ind2=" ">
      <subfield code="a">Morón, Sergio.</subfield>
    </datafield>
    <datafield tag="700" ind1=" " ind2=" ">
      <subfield code="a">Alvarez, Carla.</subfield>
    </datafield>
    <datafield tag="245" ind1=" " ind2=" ">
      <subfield code="a">Pingüinos</subfield>
      <subfield code="c"> / Feldman, Gaby, diseño gráfico</subfield>
    </datafield>
    <datafield tag="260" ind1=" " ind2=" ">
      <subfield code="a">San Clemente del Tuyú</subfield>
      <subfield code="b"> : Fundación Mundo Marino</subfield>
      <subfield code="c"> , 2003</subfield>
    </datafield>
    <datafield tag="300" ind1=" " ind2=" ">
      <subfield code="a">68 p. : </subfield>
      <subfield code="b">cuadros ; </subfield>
      <subfield code="a">49 h. : </subfield>
      <subfield code="a">21 p. : </subfield>
      <subfield code="b">il. ; </subfield>
      <subfield code="a">69 p. : </subfield>
      <subfield code="b">il. ; </subfield>
      <subfield code="a">23 p. : </subfield>
      <subfield code="b">il. ; </subfield>
      <subfield code="a">39 p. : </subfield>
      <subfield code="a">10 p. : </subfield>
      <subfield code="b">il. ; </subfield>
      <subfield code="a">47 p. : </subfield>
      <subfield code="b">il. ; </subfield>
      <subfield code="a">43 p. : </subfield>
      <subfield code="b">il. ; </subfield>
      <subfield code="a">34 p. : </subfield>
      <subfield code="b">cuadros, gráf. ; </subfield>
      <subfield code="a">36 p. : </subfield>
      <subfield code="a">15 p. : </subfield>
      <subfield code="b">il. ; </subfield>
      <subfield code="a">47 p. : </subfield>
      <subfield code="a">1 h. pleg. : </subfield>
      <subfield code="b">cuadros ; </subfield>
      <subfield code="a">1 h. pleg. : </subfield>
      <subfield code="b">cuadros ; </subfield>
      <subfield code="a">1 h. pleg. : </subfield>
      <subfield code="b">cuadros ; </subfield>
      <subfield code="a">1 h. pleg. : </subfield>
      <subfield code="b">cuadros ; </subfield>
      <subfield code="a">1 h. pleg. : </subfield>
      <subfield code="b">cuadros ; </subfield>
      <subfield code="a">1 h. pleg. : </subfield>
      <subfield code="b">cuadros ; </subfield>
      <subfield code="a">1 h. pleg. : </subfield>
      <subfield code="b">cuadros ; </subfield>
      <subfield code="a">4 h. : </subfield>
      <subfield code="b">cuadros, gráf. ; </subfield>
      <subfield code="a">33 p. : </subfield>
      <subfield code="a">31 p. : </subfield>
      <subfield code="b">il. ; </subfield>
      <subfield code="a">1 h. pleg. : </subfield>
      <subfield code="b">il. ; </subfield>
      <subfield code="a">1 h. pleg. : </subfield>
      <subfield code="b">cuadros ; </subfield>
      <subfield code="a">32 h. : </subfield>
      <subfield code="a">36 p. : </subfield>
      <subfield code="b">il. ; </subfield>
      <subfield code="a">14 p. : </subfield>
      <subfield code="b">il. ; </subfield>
      <subfield code="a">26 p. : </subfield>
      <subfield code="b">cuadros, gráf. ; </subfield>
      <subfield code="a">[13] h. : </subfield>
      <subfield code="b">il., fot. ; </subfield>
      <subfield code="a">39 p. : </subfield>
      <subfield code="b">il. ; </subfield>
      <subfield code="a">34 p. : </subfield>
      <subfield code="b">il. ; </subfield>
      <subfield code="a">34 p. : </subfield>
      <subfield code="b">il. ; </subfield>
      <subfield code="a">50 p. : </subfield>
      <subfield code="a">24 p. : </subfield>
      <subfield code="b">il. ; </subfield>
      <subfield code="a">56 p. : </subfield>
      <subfield code="b">il. ; </subfield>
      <subfield code="a">vii, 34 p. : </subfield>
      <subfield code="b">il. ; </subfield>
      <subfield code="a">vii, 36 p. : </subfield>
      <subfield code="a">39 p. : </subfield>
      <subfield code="a">24 p : </subfield>
      <subfield code="b">il. ; </subfield>
      <subfield code="a">30 p. : </subfield>
      <subfield code="b">il. ; </subfield>
      <subfield code="a">25 p. : </subfield>
      <subfield code="b">il. ; </subfield>
      <subfield code="a">51 p. : </subfield>
      <subfield code="b">cuadros ; </subfield>
      <subfield code="a">46 p. : </subfield>
      <subfield code="a">14 p. : </subfield>
      <subfield code="b">il. ; </subfield>
      <subfield code="a">37 p. : </subfield>
      <subfield code="b">il. ; </subfield>
      <subfield code="a">17 p. : </subfield>
      <subfield code="a">8 p. : </subfield>
      <subfield code="b">il., col. ; </subfield>
      <subfield code="e">1 h. con stickers</subfield>
    </datafield>
    <datafield tag="650" ind1=" " ind2=" ">
      <subfield code="a"> PINGÜINOS</subfield>
    </datafield>
    <datafield tag="650" ind1=" " ind2=" ">
      <subfield code="a"> REGION PATAGONICA</subfield>
    </datafield>
    <datafield tag="650" ind1=" " ind2=" ">
      <subfield code="a"> ACTIVIDADES DE APRENDIZAJE</subfield>
    </datafield>
    <datafield tag="942" ind1=" " ind2=" ">
      <subfield code="c">FL</subfield>
    </datafield>
    <datafield tag="952" ind1=" " ind2=" ">
      <subfield code="a">BIB_RECT</subfield>
      <subfield code="b">BIB_UACO</subfield>
      <subfield code="d">2008-12-16</subfield>
      <subfield code="y">FL</subfield>
      <subfield code="p">02-36530</subfield>
      <subfield code="i">02-36530</subfield>
      <subfield code="g">8</subfield>
      <subfield code="o">F598.231 M868p</subfield>
      <subfield code="e">PI 29/B074</subfield>
      <subfield code="8">CG</subfield>
    </datafield>
  </record>