
  <record>
    <leader>01000aam  22002601a 4500</leader>
    <controlfield tag="001">YPZ91398</controlfield>
    <controlfield tag="003">YPZ</controlfield>
    <controlfield tag="005">200906261152210</controlfield>
    <controlfield tag="008">090626|###########||||||b||||||||||spa|d</controlfield>
    <datafield tag="020" ind1=" " ind2=" ">
      <subfield code="a">9789875213470</subfield>
    </datafield>
    <datafield tag="040" ind1=" " ind2=" ">
      <subfield code="c">SIUNPA</subfield>
    </datafield>
    <datafield tag="041" ind1=" " ind2=" ">
      <subfield code="a">spa</subfield>
    </datafield>
    <datafield tag="044" ind1=" " ind2=" ">
      <subfield code="a">AR</subfield>
    </datafield>
    <datafield tag="080" ind1=" " ind2=" ">
      <subfield code="a">F630*22 R382r</subfield>
    </datafield>
    <datafield tag="245" ind1=" " ind2=" ">
      <subfield code="a">Relevamiento de los bosques nativos de Ñire (Nothofagus antarctica) de Tierra del Fuego (Argentina) como herramienta para el manejo sustentable</subfield>
      <subfield code="c"> / Peri, Pablo Luis, ed.</subfield>
    </datafield>
    <datafield tag="260" ind1=" " ind2=" ">
      <subfield code="a">Río Gallegos</subfield>
      <subfield code="b"> : Estación Experimental Agropecuaria Santa Cruz, INTA</subfield>
      <subfield code="c"> , 2009</subfield>
    </datafield>
    <datafield tag="650" ind1=" " ind2=" ">
      <subfield code="a"> RECURSOS FORESTALES</subfield>
    </datafield>
    <datafield tag="650" ind1=" " ind2=" ">
      <subfield code="a"> BOSQUES</subfield>
    </datafield>
    <datafield tag="650" ind1=" " ind2=" ">
      <subfield code="a"> TIERRA DEL FUEGO (ARGENTINA)</subfield>
    </datafield>
    <datafield tag="942" ind1=" " ind2=" ">
      <subfield code="c">FL</subfield>
    </datafield>
    <datafield tag="952" ind1=" " ind2=" ">
      <subfield code="a">BIB_RECT</subfield>
      <subfield code="b">BIB_UACO</subfield>
      <subfield code="d">2009-06-23</subfield>
      <subfield code="y">FL</subfield>
      <subfield code="p">02-38069</subfield>
      <subfield code="i">02-38069</subfield>
      <subfield code="g">20</subfield>
      <subfield code="o">F630*22 R382r</subfield>
      <subfield code="e">Donación Peri, Pablo</subfield>
      <subfield code="8">CG</subfield>
    </datafield>
    <datafield tag="952" ind1=" " ind2=" ">
      <subfield code="a">BIB_RECT</subfield>
      <subfield code="b">BIB_UASJ</subfield>
      <subfield code="d">2009-06-23</subfield>
      <subfield code="y">FL</subfield>
      <subfield code="p">04-38068</subfield>
      <subfield code="i">04-38068</subfield>
      <subfield code="g">20</subfield>
      <subfield code="o">F630*22 R382r</subfield>
      <subfield code="e">Donación Peri, Pablo</subfield>
      <subfield code="8">CG</subfield>
    </datafield>
    <datafield tag="952" ind1=" " ind2=" ">
      <subfield code="a">BIB_RECT</subfield>
      <subfield code="b">BIB_UARG</subfield>
      <subfield code="d">2009-06-23</subfield>
      <subfield code="y">FL</subfield>
      <subfield code="p">05-38066</subfield>
      <subfield code="i">05-38066</subfield>
      <subfield code="g">20</subfield>
      <subfield code="o">F630*22 R382r</subfield>
      <subfield code="e">Donación Peri, Pablo</subfield>
      <subfield code="8">CG</subfield>
    </datafield>
    <datafield tag="952" ind1=" " ind2=" ">
      <subfield code="a">BIB_RECT</subfield>
      <subfield code="b">BIB_UARG</subfield>
      <subfield code="d">2009-06-23</subfield>
      <subfield code="y">FL</subfield>
      <subfield code="p">05-38067</subfield>
      <subfield code="i">05-38067</subfield>
      <subfield code="g">20</subfield>
      <subfield code="o">F630*22 R382r</subfield>
      <subfield code="e">Donación Peri, Pablo</subfield>
      <subfield code="8">CG</subfield>
    </datafield>
    <datafield tag="952" ind1=" " ind2=" ">
      <subfield code="a">BIB_RECT</subfield>
      <subfield code="b">BIB_UARG</subfield>
      <subfield code="d">2011-06-01</subfield>
      <subfield code="y">FL</subfield>
      <subfield code="p">05-40936</subfield>
      <subfield code="i">05-40936</subfield>
      <subfield code="g">25</subfield>
      <subfield code="o">F630*22 R382r</subfield>
      <subfield code="e">Donación</subfield>
      <subfield code="8">CG</subfield>
    </datafield>
  </record>