
  <record>
    <leader>01000aam  22002601a 4500</leader>
    <controlfield tag="001">YPZ91733</controlfield>
    <controlfield tag="003">YPZ</controlfield>
    <controlfield tag="005">200909041817240</controlfield>
    <controlfield tag="008">090904|###########||||||b||||||||||spa|d</controlfield>
    <datafield tag="040" ind1=" " ind2=" ">
      <subfield code="c">SIUNPA</subfield>
    </datafield>
    <datafield tag="041" ind1=" " ind2=" ">
      <subfield code="a">spa</subfield>
    </datafield>
    <datafield tag="044" ind1=" " ind2=" ">
      <subfield code="a">AR</subfield>
    </datafield>
    <datafield tag="080" ind1=" " ind2=" ">
      <subfield code="a">F515.12 P199d</subfield>
    </datafield>
    <datafield tag="100" ind1=" " ind2=" ">
      <subfield code="a">Panzone, Rafael.</subfield>
    </datafield>
    <datafield tag="245" ind1=" " ind2=" ">
      <subfield code="a">Dimensión, autosemejanza y fractalidad</subfield>
    </datafield>
    <datafield tag="260" ind1=" " ind2=" ">
      <subfield code="a">Córdoba</subfield>
      <subfield code="b"> : Facultad de Matemática, Astronomía y Física, Universidad Nacional de Córdoba</subfield>
      <subfield code="c"> , 1993</subfield>
    </datafield>
    <datafield tag="440" ind1=" " ind2=" ">
      <subfield code="a">Colección pinguy y orky</subfield>
      <subfield code="a">Colección pinguy y orky</subfield>
      <subfield code="a">Cuadernos del instituto</subfield>
      <subfield code="a">Europa en movimiento</subfield>
      <subfield code="a">Colección cuadernos pedagógicos / Kapelusz</subfield>
      <subfield code="a">Serie B. Trabajos de matemática</subfield>
      <subfield code="v">18</subfield>
    </datafield>
    <datafield tag="490" ind1=" " ind2=" ">
      <subfield code="a">Colección pinguy y orky</subfield>
      <subfield code="a">Colección pinguy y orky</subfield>
      <subfield code="a">Cuadernos del instituto</subfield>
      <subfield code="a">Europa en movimiento</subfield>
      <subfield code="a">Colección cuadernos pedagógicos / Kapelusz</subfield>
      <subfield code="a">Serie B. Trabajos de matemática</subfield>
      <subfield code="v">18</subfield>
    </datafield>
    <datafield tag="650" ind1=" " ind2=" ">
      <subfield code="a"> TOPOLOGIA</subfield>
    </datafield>
    <datafield tag="942" ind1=" " ind2=" ">
      <subfield code="c">FL</subfield>
    </datafield>
    <datafield tag="952" ind1=" " ind2=" ">
      <subfield code="a">BIB_RECT</subfield>
      <subfield code="b">BIB_UACO</subfield>
      <subfield code="d">2009-08-12</subfield>
      <subfield code="y">FL</subfield>
      <subfield code="p">02-03939</subfield>
      <subfield code="i">02-03939</subfield>
      <subfield code="g">25</subfield>
      <subfield code="o">F515.12 P199d</subfield>
      <subfield code="e">Donación Lorenzetti, Daniel</subfield>
      <subfield code="8">CG</subfield>
    </datafield>
  </record>