
  <record>
    <leader>01000aam  22002601a 4500</leader>
    <controlfield tag="001">YPZ91865</controlfield>
    <controlfield tag="003">YPZ</controlfield>
    <controlfield tag="005">200909181527040</controlfield>
    <controlfield tag="008">090918|###########||||||b||||||||||spa|d</controlfield>
    <datafield tag="040" ind1=" " ind2=" ">
      <subfield code="c">SIUNPA</subfield>
    </datafield>
    <datafield tag="041" ind1=" " ind2=" ">
      <subfield code="a">spa</subfield>
    </datafield>
    <datafield tag="044" ind1=" " ind2=" ">
      <subfield code="a">AR</subfield>
    </datafield>
    <datafield tag="080" ind1=" " ind2=" ">
      <subfield code="a">F330.35 C397d</subfield>
    </datafield>
    <datafield tag="245" ind1=" " ind2=" ">
      <subfield code="a">Dos proyectos de país en disputa</subfield>
      <subfield code="b"> : la encrucijada ante la crisis mundial</subfield>
      <subfield code="c"> / Fundación Madres de Plaza de Mayo, org. ; Universidad Popular Madres de Plaza de Mayo, org.</subfield>
    </datafield>
    <datafield tag="260" ind1=" " ind2=" ">
      <subfield code="a">Buenos Aires</subfield>
      <subfield code="b"> : Centro de Estudios Económicos y Monitoreo de las Políticas Públicas, CEMoP</subfield>
      <subfield code="c"> , [2009]</subfield>
    </datafield>
    <datafield tag="440" ind1=" " ind2=" ">
      <subfield code="a">Serie divulgación de la situación económica Argentina. Documento</subfield>
      <subfield code="v">no. 3</subfield>
    </datafield>
    <datafield tag="490" ind1=" " ind2=" ">
      <subfield code="a">Serie divulgación de la situación económica Argentina. Documento</subfield>
      <subfield code="v">no. 3</subfield>
    </datafield>
    <datafield tag="500" ind1=" " ind2=" ">
      <subfield code="a">Tít. de partida: Argentina</subfield>
    </datafield>
    <datafield tag="650" ind1=" " ind2=" ">
      <subfield code="a"> CRECIMIENTO ECONOMICO</subfield>
    </datafield>
    <datafield tag="650" ind1=" " ind2=" ">
      <subfield code="a"> CRISIS ECONOMICA</subfield>
    </datafield>
    <datafield tag="650" ind1=" " ind2=" ">
      <subfield code="a"> ARGENTINA</subfield>
    </datafield>
    <datafield tag="942" ind1=" " ind2=" ">
      <subfield code="c">FL</subfield>
    </datafield>
    <datafield tag="952" ind1=" " ind2=" ">
      <subfield code="a">BIB_RECT</subfield>
      <subfield code="b">BIB_UACO</subfield>
      <subfield code="d">2009-10-20</subfield>
      <subfield code="y">FL</subfield>
      <subfield code="p">02-38478</subfield>
      <subfield code="i">02-38478</subfield>
      <subfield code="g">20</subfield>
      <subfield code="o">F330.35 C397d</subfield>
      <subfield code="e">Donación</subfield>
      <subfield code="8">CG</subfield>
    </datafield>
    <datafield tag="952" ind1=" " ind2=" ">
      <subfield code="a">BIB_RECT</subfield>
      <subfield code="b">BIB_UACO</subfield>
      <subfield code="d">2009-10-20</subfield>
      <subfield code="y">FL</subfield>
      <subfield code="p">02-38479</subfield>
      <subfield code="i">02-38479</subfield>
      <subfield code="g">20</subfield>
      <subfield code="o">F330.35 C397d</subfield>
      <subfield code="e">Donación</subfield>
      <subfield code="8">CG</subfield>
    </datafield>
    <datafield tag="952" ind1=" " ind2=" ">
      <subfield code="a">BIB_RECT</subfield>
      <subfield code="b">BIB_UACO</subfield>
      <subfield code="d">2009-10-20</subfield>
      <subfield code="y">FL</subfield>
      <subfield code="p">02-38480</subfield>
      <subfield code="i">02-38480</subfield>
      <subfield code="g">20</subfield>
      <subfield code="o">F330.35 C397d</subfield>
      <subfield code="e">Donación</subfield>
      <subfield code="8">CG</subfield>
    </datafield>
    <datafield tag="952" ind1=" " ind2=" ">
      <subfield code="a">BIB_RECT</subfield>
      <subfield code="b">BIB_UACO</subfield>
      <subfield code="d">2009-10-20</subfield>
      <subfield code="y">FL</subfield>
      <subfield code="p">02-38484</subfield>
      <subfield code="i">02-38484</subfield>
      <subfield code="g">20</subfield>
      <subfield code="o">F330.35 C397d</subfield>
      <subfield code="e">Donación</subfield>
      <subfield code="8">CG</subfield>
    </datafield>
    <datafield tag="952" ind1=" " ind2=" ">
      <subfield code="a">BIB_RECT</subfield>
      <subfield code="b">BIB_UARG</subfield>
      <subfield code="d">2009-09-18</subfield>
      <subfield code="y">FL</subfield>
      <subfield code="p">05-38340</subfield>
      <subfield code="i">05-38340</subfield>
      <subfield code="g">9</subfield>
      <subfield code="o">F330.35 C397d</subfield>
      <subfield code="e">Donación</subfield>
      <subfield code="8">CG</subfield>
    </datafield>
    <datafield tag="952" ind1=" " ind2=" ">
      <subfield code="a">BIB_RECT</subfield>
      <subfield code="b">BIB_UARG</subfield>
      <subfield code="d">2009-09-18</subfield>
      <subfield code="y">FL</subfield>
      <subfield code="p">05-38341</subfield>
      <subfield code="i">05-38341</subfield>
      <subfield code="g">9</subfield>
      <subfield code="o">F330.35 C397d</subfield>
      <subfield code="e">Donación</subfield>
      <subfield code="8">CG</subfield>
    </datafield>
    <datafield tag="952" ind1=" " ind2=" ">
      <subfield code="a">BIB_RECT</subfield>
      <subfield code="b">BIB_UARG</subfield>
      <subfield code="d">2009-09-18</subfield>
      <subfield code="y">FL</subfield>
      <subfield code="p">05-38342</subfield>
      <subfield code="i">05-38342</subfield>
      <subfield code="g">9</subfield>
      <subfield code="o">F330.35 C397d</subfield>
      <subfield code="e">Donación</subfield>
      <subfield code="8">CG</subfield>
    </datafield>
    <datafield tag="952" ind1=" " ind2=" ">
      <subfield code="a">BIB_RECT</subfield>
      <subfield code="b">BIB_UARG</subfield>
      <subfield code="d">2009-09-18</subfield>
      <subfield code="y">FL</subfield>
      <subfield code="p">05-38343</subfield>
      <subfield code="i">05-38343</subfield>
      <subfield code="g">9</subfield>
      <subfield code="o">F330.35 C397d</subfield>
      <subfield code="e">Donación</subfield>
      <subfield code="8">CG</subfield>
    </datafield>
    <datafield tag="952" ind1=" " ind2=" ">
      <subfield code="a">BIB_RECT</subfield>
      <subfield code="b">SAT_TRUN</subfield>
      <subfield code="d">2009-10-29</subfield>
      <subfield code="y">FL</subfield>
      <subfield code="p">10-38481</subfield>
      <subfield code="i">10-38481</subfield>
      <subfield code="g">20</subfield>
      <subfield code="o">F330.35 C397d</subfield>
      <subfield code="e">Donación</subfield>
      <subfield code="8">CG</subfield>
    </datafield>
  </record>