
  <record>
    <leader>01000aam  22002601a 4500</leader>
    <controlfield tag="001">YPZ92124</controlfield>
    <controlfield tag="003">YPZ</controlfield>
    <controlfield tag="005">200911021812340</controlfield>
    <controlfield tag="008">091102|###########||||||b||||||||||spa|d</controlfield>
    <datafield tag="040" ind1=" " ind2=" ">
      <subfield code="c">SIUNPA</subfield>
    </datafield>
    <datafield tag="041" ind1=" " ind2=" ">
      <subfield code="a">spa</subfield>
    </datafield>
    <datafield tag="044" ind1=" " ind2=" ">
      <subfield code="a">AR</subfield>
    </datafield>
    <datafield tag="080" ind1=" " ind2=" ">
      <subfield code="a">F929.9 B214b</subfield>
    </datafield>
    <datafield tag="245" ind1=" " ind2=" ">
      <subfield code="a">Banderas y escudos de la República Argentina</subfield>
    </datafield>
    <datafield tag="300" ind1=" " ind2=" ">
      <subfield code="a">57 p. : </subfield>
      <subfield code="b">il. ; </subfield>
      <subfield code="a">[5] h. en varias foliaciones : </subfield>
      <subfield code="a">23 p. : </subfield>
      <subfield code="b">il. ; </subfield>
      <subfield code="a">54 p. : </subfield>
      <subfield code="a">38 h. : </subfield>
      <subfield code="b">il. ; </subfield>
      <subfield code="a">39 p. : </subfield>
      <subfield code="b">il. ; </subfield>
      <subfield code="a">48 p. : </subfield>
      <subfield code="b">il. ; </subfield>
      <subfield code="a">viii, 32 p. : </subfield>
      <subfield code="a">24 p. : </subfield>
      <subfield code="b">il. ; </subfield>
      <subfield code="a">40 p. : </subfield>
      <subfield code="b">il. ; </subfield>
      <subfield code="a">16 p. : </subfield>
      <subfield code="a">[15] h. : </subfield>
      <subfield code="a">[16] h. : </subfield>
      <subfield code="a">21 p. : </subfield>
      <subfield code="a">[32] p. : </subfield>
      <subfield code="a">[48] p. : </subfield>
      <subfield code="a">[32] p. : </subfield>
      <subfield code="a">14 p. : </subfield>
      <subfield code="b">il. ; </subfield>
      <subfield code="a">43 p. : </subfield>
      <subfield code="b">il. ; </subfield>
      <subfield code="a">28 p. : </subfield>
      <subfield code="a">34 p. : </subfield>
      <subfield code="a">30 p. : </subfield>
      <subfield code="b">il. ; </subfield>
      <subfield code="a">39 p. : </subfield>
      <subfield code="b">il. ; </subfield>
      <subfield code="a">31 p. : </subfield>
      <subfield code="b">il. ; </subfield>
      <subfield code="a">v. : </subfield>
      <subfield code="b">il. ; </subfield>
      <subfield code="a">2 v. : </subfield>
      <subfield code="b">il. ; </subfield>
      <subfield code="a">24 p. : </subfield>
      <subfield code="b">il. ; </subfield>
      <subfield code="a">17 p. : </subfield>
      <subfield code="b">il. ; </subfield>
      <subfield code="a">39 p. : </subfield>
      <subfield code="b">il. ; </subfield>
      <subfield code="a">3 v. : </subfield>
      <subfield code="b">il. ; </subfield>
      <subfield code="a">1 porfolio [42 h., 5. de láms., mapas] : </subfield>
      <subfield code="a">32 p. : </subfield>
      <subfield code="b">il. ; </subfield>
      <subfield code="a">56 p. : </subfield>
      <subfield code="b">il. ; </subfield>
      <subfield code="a">27 p. : </subfield>
      <subfield code="b">il. ; </subfield>
      <subfield code="a">14 p. : </subfield>
      <subfield code="a">12 p. : </subfield>
      <subfield code="a">16 p. : </subfield>
      <subfield code="a">29 p. : </subfield>
      <subfield code="a">41 p. : </subfield>
      <subfield code="b">il. ; </subfield>
      <subfield code="a">38 p. : </subfield>
      <subfield code="a">33 p. : </subfield>
      <subfield code="b">il. ; </subfield>
      <subfield code="a">53 p. : </subfield>
      <subfield code="a">19 p. : </subfield>
      <subfield code="a">v. : </subfield>
      <subfield code="b">27 p., 1 p. pleg. ; </subfield>
      <subfield code="a">31 p. : </subfield>
      <subfield code="a">33 p. : </subfield>
      <subfield code="a">[24] h. : </subfield>
      <subfield code="b">il. ; </subfield>
      <subfield code="a">21 p. : </subfield>
      <subfield code="a">36 p. : </subfield>
      <subfield code="b">il. ; </subfield>
      <subfield code="a">45 p. : </subfield>
      <subfield code="a">[23] p. : </subfield>
      <subfield code="b">il. ; </subfield>
      <subfield code="e">1 h. suelta pleg.</subfield>
    </datafield>
    <datafield tag="500" ind1=" " ind2=" ">
      <subfield code="a">La hoja suelta incluye banderas y emblemas de pueblos originarios de la República Argentina</subfield>
    </datafield>
    <datafield tag="650" ind1=" " ind2=" ">
      <subfield code="a"> ESCUDOS  BANDERAS</subfield>
    </datafield>
    <datafield tag="650" ind1=" " ind2=" ">
      <subfield code="a"> ARGENTINA</subfield>
    </datafield>
    <datafield tag="942" ind1=" " ind2=" ">
      <subfield code="c">FL</subfield>
    </datafield>
    <datafield tag="952" ind1=" " ind2=" ">
      <subfield code="a">BIB_RECT</subfield>
      <subfield code="b">BIB_UACO</subfield>
      <subfield code="d">2009-11-02</subfield>
      <subfield code="y">FL</subfield>
      <subfield code="p">02-38463</subfield>
      <subfield code="i">02-38463</subfield>
      <subfield code="g">9</subfield>
      <subfield code="o">F929.9 B214b</subfield>
      <subfield code="e">Donación Stand Buenos Aires</subfield>
      <subfield code="8">CG</subfield>
    </datafield>
  </record>