
  <record>
    <leader>01000aam  22002601a 4500</leader>
    <controlfield tag="001">YPZ92779</controlfield>
    <controlfield tag="003">YPZ</controlfield>
    <controlfield tag="005">201004301822190</controlfield>
    <controlfield tag="008">100430|###########||||||b||||||||||spa|d</controlfield>
    <datafield tag="022" ind1=" " ind2=" ">
      <subfield code="a">1431181X</subfield>
    </datafield>
    <datafield tag="040" ind1=" " ind2=" ">
      <subfield code="c">SIUNPA</subfield>
    </datafield>
    <datafield tag="041" ind1=" " ind2=" ">
      <subfield code="a">eng</subfield>
    </datafield>
    <datafield tag="044" ind1=" " ind2=" ">
      <subfield code="a">DE</subfield>
    </datafield>
    <datafield tag="080" ind1=" " ind2=" ">
      <subfield code="a">F331.535 W868j</subfield>
    </datafield>
    <datafield tag="100" ind1=" " ind2=" ">
      <subfield code="a">Woltermann, Silke.</subfield>
    </datafield>
    <datafield tag="245" ind1=" " ind2=" ">
      <subfield code="a">Job-search methods and labor market</subfield>
      <subfield code="b"> : transitions in a segmented economy</subfield>
    </datafield>
    <datafield tag="260" ind1=" " ind2=" ">
      <subfield code="a">Göttingen</subfield>
      <subfield code="b"> : Universität Göttingen</subfield>
      <subfield code="c"> , 2002</subfield>
    </datafield>
    <datafield tag="440" ind1=" " ind2=" ">
      <subfield code="a">Working paper series / Latin America Program</subfield>
      <subfield code="a">Diskussionsbeiträge = Documentos de trabajo = Discussion papers / Ibero-Amerika Institut für Wirtschaftsforschung, Universität Göttingen (Göttingen)|Instituto Ibero-Americano de Investigaciones Económicas (Göttingen)|Ibero-Americano Institute for Economic Research</subfield>
      <subfield code="v">nr. 88</subfield>
    </datafield>
    <datafield tag="490" ind1=" " ind2=" ">
      <subfield code="a">Working paper series / Latin America Program</subfield>
      <subfield code="a">Diskussionsbeiträge = Documentos de trabajo = Discussion papers / Ibero-Amerika Institut für Wirtschaftsforschung, Universität Göttingen (Göttingen)|Instituto Ibero-Americano de Investigaciones Económicas (Göttingen)|Ibero-Americano Institute for Economic Research</subfield>
      <subfield code="v">nr. 88</subfield>
    </datafield>
    <datafield tag="650" ind1=" " ind2=" ">
      <subfield code="a"> MERCADO DE TRABAJO</subfield>
    </datafield>
    <datafield tag="650" ind1=" " ind2=" ">
      <subfield code="a"> BUSQUEDA DE TRABAJO</subfield>
    </datafield>
    <datafield tag="650" ind1=" " ind2=" ">
      <subfield code="a"> METODOS DE INVESTIGACION</subfield>
    </datafield>
    <datafield tag="942" ind1=" " ind2=" ">
      <subfield code="c">FL</subfield>
    </datafield>
    <datafield tag="952" ind1=" " ind2=" ">
      <subfield code="a">BIB_RECT</subfield>
      <subfield code="b">BIB_UACO</subfield>
      <subfield code="d">2010-04-30</subfield>
      <subfield code="y">FL</subfield>
      <subfield code="p">02-39016</subfield>
      <subfield code="i">02-39016</subfield>
      <subfield code="g">0</subfield>
      <subfield code="o">F331.535 W868j</subfield>
      <subfield code="e">Donación España y Cepal</subfield>
      <subfield code="8">CG</subfield>
    </datafield>
  </record>