
  <record>
    <leader>01000aam  22002601a 4500</leader>
    <controlfield tag="001">YPZ92873</controlfield>
    <controlfield tag="003">YPZ</controlfield>
    <controlfield tag="005">201005111604190</controlfield>
    <controlfield tag="008">100511|###########||||||b||||||||||spa|d</controlfield>
    <datafield tag="040" ind1=" " ind2=" ">
      <subfield code="c">SIUNPA</subfield>
    </datafield>
    <datafield tag="041" ind1=" " ind2=" ">
      <subfield code="a">spa</subfield>
    </datafield>
    <datafield tag="044" ind1=" " ind2=" ">
      <subfield code="a">AR</subfield>
    </datafield>
    <datafield tag="080" ind1=" " ind2=" ">
      <subfield code="a">F582.9 G943g</subfield>
    </datafield>
    <datafield tag="245" ind1=" " ind2=" ">
      <subfield code="a">Guía de campo de las plantas del género Hieracium del sur de la Patagonia</subfield>
    </datafield>
    <datafield tag="260" ind1=" " ind2=" ">
      <subfield code="a">[Buenos Aires]</subfield>
      <subfield code="b"> : Consejo Federal de Inversiones, CFI</subfield>
      <subfield code="c"> , [2009]</subfield>
    </datafield>
    <datafield tag="300" ind1=" " ind2=" ">
      <subfield code="a">30 p. : </subfield>
      <subfield code="b">il. ; </subfield>
      <subfield code="a">8 p. : </subfield>
      <subfield code="b">il. ; </subfield>
      <subfield code="a">11 h. : </subfield>
      <subfield code="b">il. ; </subfield>
      <subfield code="a">10 h. : </subfield>
      <subfield code="b">il. ; </subfield>
      <subfield code="a">8 h. : </subfield>
      <subfield code="a">12 p. : </subfield>
      <subfield code="a">12 p. : </subfield>
      <subfield code="a">20 p. : </subfield>
      <subfield code="b">il. ; </subfield>
      <subfield code="a">36 p. : </subfield>
      <subfield code="b">il. ; </subfield>
      <subfield code="a">27 p. : </subfield>
      <subfield code="b">il. ; </subfield>
      <subfield code="a">42 p. : </subfield>
      <subfield code="b">il. ; </subfield>
      <subfield code="a">31 p. : </subfield>
      <subfield code="b">il. ; </subfield>
      <subfield code="a">32 p. : </subfield>
      <subfield code="b">il. ; </subfield>
      <subfield code="a">32 p. : </subfield>
      <subfield code="b">il. ; </subfield>
      <subfield code="a">21 h. : </subfield>
      <subfield code="b">il. ; </subfield>
      <subfield code="a">39 p. : </subfield>
      <subfield code="a">34 p. : </subfield>
      <subfield code="b">il. ; </subfield>
      <subfield code="a">33 p. : </subfield>
      <subfield code="a">40 p. : </subfield>
      <subfield code="a">23 p. : </subfield>
      <subfield code="b">il. ; </subfield>
      <subfield code="a">v, 36 p. : </subfield>
      <subfield code="a">33 p. : </subfield>
      <subfield code="b">il. ; </subfield>
      <subfield code="a">16 p. : </subfield>
      <subfield code="b">il. ; </subfield>
      <subfield code="a">36 p. : </subfield>
      <subfield code="b">il. ; </subfield>
      <subfield code="a">27 p. : </subfield>
      <subfield code="a">46 p. : </subfield>
      <subfield code="a">42 p. : </subfield>
      <subfield code="b">cuadros ; </subfield>
      <subfield code="a">36 p. : </subfield>
      <subfield code="a">54 p. : </subfield>
      <subfield code="a">41 p. : </subfield>
      <subfield code="a">11 h. : </subfield>
      <subfield code="a">16 p. : </subfield>
      <subfield code="a">40 p. : </subfield>
      <subfield code="b">il. ; </subfield>
      <subfield code="a">v. : </subfield>
      <subfield code="b">il. ; </subfield>
      <subfield code="a">47 p. : </subfield>
      <subfield code="b">il. ; </subfield>
      <subfield code="e">1 folleto pleg.</subfield>
    </datafield>
    <datafield tag="500" ind1=" " ind2=" ">
      <subfield code="a">Datos provistos por el INTA EEA Río Gallegos. ya que la publicación carece de datos</subfield>
    </datafield>
    <datafield tag="500" ind1=" " ind2=" ">
      <subfield code="a">Tít. del folleto: Invasión por plantas del género Hieracium en Santa Cruz</subfield>
    </datafield>
    <datafield tag="500" ind1=" " ind2=" ">
      <subfield code="a">El folleto sólo acompaña los ejemplares 1 y 2</subfield>
    </datafield>
    <datafield tag="650" ind1=" " ind2=" ">
      <subfield code="a"> PLANTAS SILVESTRES  ASTERACEAE</subfield>
    </datafield>
    <datafield tag="650" ind1=" " ind2=" ">
      <subfield code="a"> HIERACIUM</subfield>
    </datafield>
    <datafield tag="650" ind1=" " ind2=" ">
      <subfield code="a"> REGION PATAGONICA</subfield>
    </datafield>
    <datafield tag="942" ind1=" " ind2=" ">
      <subfield code="c">FL</subfield>
    </datafield>
    <datafield tag="952" ind1=" " ind2=" ">
      <subfield code="a">BIB_RECT</subfield>
      <subfield code="b">BIB_UARG</subfield>
      <subfield code="d">2010-05-11</subfield>
      <subfield code="y">FL</subfield>
      <subfield code="p">05-39421</subfield>
      <subfield code="i">05-39421</subfield>
      <subfield code="g">10</subfield>
      <subfield code="o">F582.9 G943g</subfield>
      <subfield code="e">Biblioteca INTA</subfield>
      <subfield code="8">CG</subfield>
    </datafield>
    <datafield tag="952" ind1=" " ind2=" ">
      <subfield code="a">BIB_RECT</subfield>
      <subfield code="b">BIB_UARG</subfield>
      <subfield code="d">2010-05-11</subfield>
      <subfield code="y">FL</subfield>
      <subfield code="p">05-39422</subfield>
      <subfield code="i">05-39422</subfield>
      <subfield code="g">10</subfield>
      <subfield code="o">F582.9 G943g</subfield>
      <subfield code="e">Biblioteca INTA</subfield>
      <subfield code="8">CG</subfield>
    </datafield>
    <datafield tag="952" ind1=" " ind2=" ">
      <subfield code="a">BIB_RECT</subfield>
      <subfield code="b">BIB_UARG</subfield>
      <subfield code="d">2010-05-11</subfield>
      <subfield code="y">FL</subfield>
      <subfield code="p">05-39423</subfield>
      <subfield code="i">05-39423</subfield>
      <subfield code="g">10</subfield>
      <subfield code="o">F582.9 G943g</subfield>
      <subfield code="e">Biblioteca INTA</subfield>
      <subfield code="8">CG</subfield>
    </datafield>
    <datafield tag="952" ind1=" " ind2=" ">
      <subfield code="a">BIB_RECT</subfield>
      <subfield code="b">BIB_UARG</subfield>
      <subfield code="d">2010-05-11</subfield>
      <subfield code="y">FL</subfield>
      <subfield code="p">05-39424</subfield>
      <subfield code="i">05-39424</subfield>
      <subfield code="g">10</subfield>
      <subfield code="o">F582.9 G943g</subfield>
      <subfield code="e">Biblioteca INTA</subfield>
      <subfield code="8">CG</subfield>
    </datafield>
    <datafield tag="952" ind1=" " ind2=" ">
      <subfield code="a">BIB_RECT</subfield>
      <subfield code="b">BIB_UARG</subfield>
      <subfield code="d">2010-05-11</subfield>
      <subfield code="y">FL</subfield>
      <subfield code="p">05-39425</subfield>
      <subfield code="i">05-39425</subfield>
      <subfield code="g">10</subfield>
      <subfield code="o">F582.9 G943g</subfield>
      <subfield code="e">Biblioteca INTA</subfield>
      <subfield code="8">CG</subfield>
    </datafield>
    <datafield tag="952" ind1=" " ind2=" ">
      <subfield code="a">BIB_RECT</subfield>
      <subfield code="b">BIB_UARG</subfield>
      <subfield code="d">2010-05-11</subfield>
      <subfield code="y">FL</subfield>
      <subfield code="p">05-39426</subfield>
      <subfield code="i">05-39426</subfield>
      <subfield code="g">10</subfield>
      <subfield code="o">F582.9 G943g</subfield>
      <subfield code="e">Biblioteca INTA</subfield>
      <subfield code="8">CG</subfield>
    </datafield>
    <datafield tag="952" ind1=" " ind2=" ">
      <subfield code="a">BIB_RECT</subfield>
      <subfield code="b">BIB_UARG</subfield>
      <subfield code="d">2010-05-11</subfield>
      <subfield code="y">FL</subfield>
      <subfield code="p">05-39427</subfield>
      <subfield code="i">05-39427</subfield>
      <subfield code="g">10</subfield>
      <subfield code="o">F582.9 G943g</subfield>
      <subfield code="e">Biblioteca INTA</subfield>
      <subfield code="8">CG</subfield>
    </datafield>
    <datafield tag="952" ind1=" " ind2=" ">
      <subfield code="a">BIB_RECT</subfield>
      <subfield code="b">BIB_UARG</subfield>
      <subfield code="d">2010-05-11</subfield>
      <subfield code="y">FL</subfield>
      <subfield code="p">05-39428</subfield>
      <subfield code="i">05-39428</subfield>
      <subfield code="g">10</subfield>
      <subfield code="o">F582.9 G943g</subfield>
      <subfield code="e">Biblioteca INTA</subfield>
      <subfield code="8">CG</subfield>
    </datafield>
    <datafield tag="952" ind1=" " ind2=" ">
      <subfield code="a">BIB_RECT</subfield>
      <subfield code="b">BIB_UARG</subfield>
      <subfield code="d">2010-05-11</subfield>
      <subfield code="y">FL</subfield>
      <subfield code="p">05-39429</subfield>
      <subfield code="i">05-39429</subfield>
      <subfield code="g">10</subfield>
      <subfield code="o">F582.9 G943g</subfield>
      <subfield code="e">Biblioteca INTA</subfield>
      <subfield code="8">CG</subfield>
    </datafield>
    <datafield tag="952" ind1=" " ind2=" ">
      <subfield code="a">BIB_RECT</subfield>
      <subfield code="b">BIB_UARG</subfield>
      <subfield code="d">2010-05-11</subfield>
      <subfield code="y">FL</subfield>
      <subfield code="p">05-39430</subfield>
      <subfield code="i">05-39430</subfield>
      <subfield code="g">10</subfield>
      <subfield code="o">F582.9 G943g</subfield>
      <subfield code="e">Biblioteca INTA</subfield>
      <subfield code="8">CG</subfield>
    </datafield>
  </record>