
  <record>
    <leader>01000aam  22002601a 4500</leader>
    <controlfield tag="001">YPZ93315</controlfield>
    <controlfield tag="003">YPZ</controlfield>
    <controlfield tag="005">201008271516110</controlfield>
    <controlfield tag="008">100827|###########||||||b||||||||||spa|d</controlfield>
    <datafield tag="040" ind1=" " ind2=" ">
      <subfield code="c">SIUNPA</subfield>
    </datafield>
    <datafield tag="041" ind1=" " ind2=" ">
      <subfield code="a">spa</subfield>
    </datafield>
    <datafield tag="044" ind1=" " ind2=" ">
      <subfield code="a">AR</subfield>
    </datafield>
    <datafield tag="080" ind1=" " ind2=" ">
      <subfield code="a">F628.4 G326g</subfield>
    </datafield>
    <datafield tag="245" ind1=" " ind2=" ">
      <subfield code="a">La generación de los residuos y recolección</subfield>
      <subfield code="c"> / Santa Cruz. Plan Provincial de Gestión Integral de Residuos Sólidos Urbanos. Programa de Educación y Difusión en las Escuelas</subfield>
    </datafield>
    <datafield tag="260" ind1=" " ind2=" ">
      <subfield code="a">Río Gallegos</subfield>
      <subfield code="b"> : Subsecretaría de Medio Ambiente, Ministerio de Economía y Obras Públicas, Gobierno de la Provincia de Santa Cruz</subfield>
      <subfield code="c"> , 2004</subfield>
    </datafield>
    <datafield tag="440" ind1=" " ind2=" ">
      <subfield code="a">Cartilla de divulgación</subfield>
      <subfield code="v">RSU 01</subfield>
    </datafield>
    <datafield tag="490" ind1=" " ind2=" ">
      <subfield code="a">Cartilla de divulgación</subfield>
      <subfield code="v">RSU 01</subfield>
    </datafield>
    <datafield tag="500" ind1=" " ind2=" ">
      <subfield code="a">Para niños de 6 a 14 años</subfield>
    </datafield>
    <datafield tag="650" ind1=" " ind2=" ">
      <subfield code="a"> RESIDUOS</subfield>
    </datafield>
    <datafield tag="650" ind1=" " ind2=" ">
      <subfield code="a"> EDUCACION AMBIENTAL</subfield>
    </datafield>
    <datafield tag="650" ind1=" " ind2=" ">
      <subfield code="a"> TRATAMIENTO DE RESIDUOS</subfield>
    </datafield>
    <datafield tag="650" ind1=" " ind2=" ">
      <subfield code="a"> SANTA CRUZ</subfield>
    </datafield>
    <datafield tag="942" ind1=" " ind2=" ">
      <subfield code="c">FL</subfield>
    </datafield>
    <datafield tag="952" ind1=" " ind2=" ">
      <subfield code="a">BIB_RECT</subfield>
      <subfield code="b">BIB_UACO</subfield>
      <subfield code="d">2013-03-19</subfield>
      <subfield code="y">FL</subfield>
      <subfield code="p">02-44286</subfield>
      <subfield code="i">02-44286</subfield>
      <subfield code="g">20</subfield>
      <subfield code="o">F628.4 G326g</subfield>
      <subfield code="e">Canje</subfield>
      <subfield code="8">CG</subfield>
    </datafield>
    <datafield tag="952" ind1=" " ind2=" ">
      <subfield code="a">BIB_RECT</subfield>
      <subfield code="b">BIB_UACO</subfield>
      <subfield code="d">2013-03-19</subfield>
      <subfield code="y">FL</subfield>
      <subfield code="p">02-44287</subfield>
      <subfield code="i">02-44287</subfield>
      <subfield code="g">20</subfield>
      <subfield code="o">F628.4 G326g</subfield>
      <subfield code="e">Canje</subfield>
      <subfield code="8">CG</subfield>
    </datafield>
    <datafield tag="952" ind1=" " ind2=" ">
      <subfield code="a">BIB_RECT</subfield>
      <subfield code="b">BIB_UACO</subfield>
      <subfield code="d">2013-03-19</subfield>
      <subfield code="y">FL</subfield>
      <subfield code="p">02-44288</subfield>
      <subfield code="i">02-44288</subfield>
      <subfield code="g">20</subfield>
      <subfield code="o">F628.4 G326g</subfield>
      <subfield code="e">Canje</subfield>
      <subfield code="8">CG</subfield>
    </datafield>
    <datafield tag="952" ind1=" " ind2=" ">
      <subfield code="a">BIB_RECT</subfield>
      <subfield code="b">BIB_UACO</subfield>
      <subfield code="d">2016-06-07</subfield>
      <subfield code="y">FL</subfield>
      <subfield code="p">02-48047</subfield>
      <subfield code="i">02-48047</subfield>
      <subfield code="g">150</subfield>
      <subfield code="o">F628.4 G326g</subfield>
      <subfield code="e">Canje SIUNPA</subfield>
      <subfield code="8">CG</subfield>
    </datafield>
    <datafield tag="952" ind1=" " ind2=" ">
      <subfield code="a">BIB_RECT</subfield>
      <subfield code="b">BIB_UACO</subfield>
      <subfield code="d">2016-06-03</subfield>
      <subfield code="y">FL</subfield>
      <subfield code="p">02-48048</subfield>
      <subfield code="i">02-48048</subfield>
      <subfield code="g">150</subfield>
      <subfield code="o">F628.4 G326g</subfield>
      <subfield code="e">Canje SIUNPA</subfield>
      <subfield code="8">CG</subfield>
    </datafield>
    <datafield tag="952" ind1=" " ind2=" ">
      <subfield code="a">BIB_RECT</subfield>
      <subfield code="b">BIB_UACO</subfield>
      <subfield code="d">2016-06-07</subfield>
      <subfield code="y">FL</subfield>
      <subfield code="p">02-48049</subfield>
      <subfield code="i">02-48049</subfield>
      <subfield code="g">150</subfield>
      <subfield code="o">F628.4 G326g</subfield>
      <subfield code="e">Canje SIUNPA</subfield>
      <subfield code="8">CG</subfield>
    </datafield>
    <datafield tag="952" ind1=" " ind2=" ">
      <subfield code="a">BIB_RECT</subfield>
      <subfield code="b">BIB_UACO</subfield>
      <subfield code="d">2016-06-03</subfield>
      <subfield code="y">FL</subfield>
      <subfield code="p">02-48050</subfield>
      <subfield code="i">02-48050</subfield>
      <subfield code="g">150</subfield>
      <subfield code="o">F628.4 G326g</subfield>
      <subfield code="e">Canje SIUNPA</subfield>
      <subfield code="8">CG</subfield>
    </datafield>
    <datafield tag="952" ind1=" " ind2=" ">
      <subfield code="a">BIB_RECT</subfield>
      <subfield code="b">BIB_UART</subfield>
      <subfield code="d">2013-03-19</subfield>
      <subfield code="y">FL</subfield>
      <subfield code="p">03-44295</subfield>
      <subfield code="i">03-44295</subfield>
      <subfield code="g">20</subfield>
      <subfield code="o">F628.4 G326g</subfield>
      <subfield code="e">Canje</subfield>
      <subfield code="8">CG</subfield>
    </datafield>
    <datafield tag="952" ind1=" " ind2=" ">
      <subfield code="a">BIB_RECT</subfield>
      <subfield code="b">BIB_UART</subfield>
      <subfield code="d">2013-03-19</subfield>
      <subfield code="y">FL</subfield>
      <subfield code="p">03-44296</subfield>
      <subfield code="i">03-44296</subfield>
      <subfield code="g">20</subfield>
      <subfield code="o">F628.4 G326g</subfield>
      <subfield code="e">Canje</subfield>
      <subfield code="8">CG</subfield>
    </datafield>
    <datafield tag="952" ind1=" " ind2=" ">
      <subfield code="a">BIB_RECT</subfield>
      <subfield code="b">SAT_USHU</subfield>
      <subfield code="d">2013-03-19</subfield>
      <subfield code="y">FL</subfield>
      <subfield code="p">03-44297</subfield>
      <subfield code="i">03-44297</subfield>
      <subfield code="g">20</subfield>
      <subfield code="o">F628.4 G326g</subfield>
      <subfield code="e">Canje</subfield>
      <subfield code="8">CG</subfield>
    </datafield>
    <datafield tag="952" ind1=" " ind2=" ">
      <subfield code="a">BIB_RECT</subfield>
      <subfield code="b">BIB_UASJ</subfield>
      <subfield code="d">2010-08-27</subfield>
      <subfield code="y">FL</subfield>
      <subfield code="p">04-39691</subfield>
      <subfield code="i">04-39691</subfield>
      <subfield code="g">12</subfield>
      <subfield code="o">F628.4 G326g</subfield>
      <subfield code="e">Donación</subfield>
      <subfield code="8">CG</subfield>
    </datafield>
    <datafield tag="952" ind1=" " ind2=" ">
      <subfield code="a">BIB_RECT</subfield>
      <subfield code="b">BIB_UASJ</subfield>
      <subfield code="d">2010-08-27</subfield>
      <subfield code="y">FL</subfield>
      <subfield code="p">04-39692</subfield>
      <subfield code="i">04-39692</subfield>
      <subfield code="g">12</subfield>
      <subfield code="o">F628.4 G326g</subfield>
      <subfield code="e">Donación</subfield>
      <subfield code="8">CG</subfield>
    </datafield>
    <datafield tag="952" ind1=" " ind2=" ">
      <subfield code="a">BIB_RECT</subfield>
      <subfield code="b">BIB_UASJ</subfield>
      <subfield code="d">2010-08-27</subfield>
      <subfield code="y">FL</subfield>
      <subfield code="p">04-39693</subfield>
      <subfield code="i">04-39693</subfield>
      <subfield code="g">12</subfield>
      <subfield code="o">F628.4 G326g</subfield>
      <subfield code="e">Donación</subfield>
      <subfield code="8">CG</subfield>
    </datafield>
    <datafield tag="952" ind1=" " ind2=" ">
      <subfield code="a">BIB_RECT</subfield>
      <subfield code="b">BIB_UASJ</subfield>
      <subfield code="d">2016-06-10</subfield>
      <subfield code="y">FL</subfield>
      <subfield code="p">04-48076</subfield>
      <subfield code="i">04-48076</subfield>
      <subfield code="g">180</subfield>
      <subfield code="o">F628.4 G326g</subfield>
      <subfield code="e">Don. SIUNPA</subfield>
      <subfield code="8">CG</subfield>
    </datafield>
    <datafield tag="952" ind1=" " ind2=" ">
      <subfield code="a">BIB_RECT</subfield>
      <subfield code="b">BIB_UASJ</subfield>
      <subfield code="d">2016-06-10</subfield>
      <subfield code="y">FL</subfield>
      <subfield code="p">04-48077</subfield>
      <subfield code="i">04-48077</subfield>
      <subfield code="g">180</subfield>
      <subfield code="o">F628.4 G326g</subfield>
      <subfield code="e">Don. SIUNPA</subfield>
      <subfield code="8">CG</subfield>
    </datafield>
    <datafield tag="952" ind1=" " ind2=" ">
      <subfield code="a">BIB_RECT</subfield>
      <subfield code="b">BIB_UASJ</subfield>
      <subfield code="d">2016-06-10</subfield>
      <subfield code="y">FL</subfield>
      <subfield code="p">04-48078</subfield>
      <subfield code="i">04-48078</subfield>
      <subfield code="g">180</subfield>
      <subfield code="o">F628.4 G326g</subfield>
      <subfield code="e">Don. SIUNPA</subfield>
      <subfield code="8">CG</subfield>
    </datafield>
    <datafield tag="952" ind1=" " ind2=" ">
      <subfield code="a">BIB_RECT</subfield>
      <subfield code="b">BIB_UASJ</subfield>
      <subfield code="d">2016-06-10</subfield>
      <subfield code="y">FL</subfield>
      <subfield code="p">04-48079</subfield>
      <subfield code="i">04-48079</subfield>
      <subfield code="g">180</subfield>
      <subfield code="o">F628.4 G326g</subfield>
      <subfield code="e">Don. SIUNPA</subfield>
      <subfield code="8">CG</subfield>
    </datafield>
    <datafield tag="952" ind1=" " ind2=" ">
      <subfield code="a">BIB_RECT</subfield>
      <subfield code="b">BIB_UARG</subfield>
      <subfield code="d">2013-03-19</subfield>
      <subfield code="y">FL</subfield>
      <subfield code="p">05-44304</subfield>
      <subfield code="i">05-44304</subfield>
      <subfield code="g">20</subfield>
      <subfield code="o">F628.4 G326g</subfield>
      <subfield code="e">Canje</subfield>
      <subfield code="8">CG</subfield>
    </datafield>
    <datafield tag="952" ind1=" " ind2=" ">
      <subfield code="a">BIB_RECT</subfield>
      <subfield code="b">BIB_UARG</subfield>
      <subfield code="d">2013-03-19</subfield>
      <subfield code="y">FL</subfield>
      <subfield code="p">05-44305</subfield>
      <subfield code="i">05-44305</subfield>
      <subfield code="g">20</subfield>
      <subfield code="o">F628.4 G326g</subfield>
      <subfield code="e">Canje</subfield>
      <subfield code="8">CG</subfield>
    </datafield>
    <datafield tag="952" ind1=" " ind2=" ">
      <subfield code="a">BIB_RECT</subfield>
      <subfield code="b">BIB_UARG</subfield>
      <subfield code="d">2013-03-19</subfield>
      <subfield code="y">FL</subfield>
      <subfield code="p">05-44306</subfield>
      <subfield code="i">05-44306</subfield>
      <subfield code="g">20</subfield>
      <subfield code="o">F628.4 G326g</subfield>
      <subfield code="e">Canje</subfield>
      <subfield code="8">CG</subfield>
    </datafield>
    <datafield tag="952" ind1=" " ind2=" ">
      <subfield code="a">BIB_RECT</subfield>
      <subfield code="b">SAT_TRUN</subfield>
      <subfield code="d">2013-03-19</subfield>
      <subfield code="y">FL</subfield>
      <subfield code="p">10-44349</subfield>
      <subfield code="i">10-44349</subfield>
      <subfield code="g">20</subfield>
      <subfield code="o">F628.4 G326g</subfield>
      <subfield code="e">Canje</subfield>
      <subfield code="8">CG</subfield>
    </datafield>
    <datafield tag="952" ind1=" " ind2=" ">
      <subfield code="a">BIB_RECT</subfield>
      <subfield code="b">SAT_TRUN</subfield>
      <subfield code="d">2013-03-19</subfield>
      <subfield code="y">FL</subfield>
      <subfield code="p">10-44350</subfield>
      <subfield code="i">10-44350</subfield>
      <subfield code="g">20</subfield>
      <subfield code="o">F628.4 G326g</subfield>
      <subfield code="e">Canje</subfield>
      <subfield code="8">CG</subfield>
    </datafield>
    <datafield tag="952" ind1=" " ind2=" ">
      <subfield code="a">BIB_RECT</subfield>
      <subfield code="b">SAT_TRUN</subfield>
      <subfield code="d">2013-03-21</subfield>
      <subfield code="y">FL</subfield>
      <subfield code="p">10-44351</subfield>
      <subfield code="i">10-44351</subfield>
      <subfield code="g">20</subfield>
      <subfield code="o">F628.4 G326g</subfield>
      <subfield code="e">Canje</subfield>
      <subfield code="8">CG</subfield>
    </datafield>
    <datafield tag="952" ind1=" " ind2=" ">
      <subfield code="a">BIB_RECT</subfield>
      <subfield code="b">SAT_PBNA</subfield>
      <subfield code="d">2010-08-30</subfield>
      <subfield code="y">FL</subfield>
      <subfield code="p">11-39715</subfield>
      <subfield code="i">11-39715</subfield>
      <subfield code="g">12</subfield>
      <subfield code="o">F628.4 G326g</subfield>
      <subfield code="e">Donación</subfield>
      <subfield code="8">CG</subfield>
    </datafield>
    <datafield tag="952" ind1=" " ind2=" ">
      <subfield code="a">BIB_RECT</subfield>
      <subfield code="b">SAT_PBNA</subfield>
      <subfield code="d">2010-08-30</subfield>
      <subfield code="y">FL</subfield>
      <subfield code="p">11-39716</subfield>
      <subfield code="i">11-39716</subfield>
      <subfield code="g">12</subfield>
      <subfield code="o">F628.4 G326g</subfield>
      <subfield code="e">Donación</subfield>
      <subfield code="8">CG</subfield>
    </datafield>
    <datafield tag="952" ind1=" " ind2=" ">
      <subfield code="a">BIB_RECT</subfield>
      <subfield code="b">SAT_CLFT</subfield>
      <subfield code="d">2013-03-19</subfield>
      <subfield code="y">FL</subfield>
      <subfield code="p">12-44340</subfield>
      <subfield code="i">12-44340</subfield>
      <subfield code="g">20</subfield>
      <subfield code="o">F628.4 G326g</subfield>
      <subfield code="e">Canje</subfield>
      <subfield code="8">CG</subfield>
    </datafield>
    <datafield tag="952" ind1=" " ind2=" ">
      <subfield code="a">BIB_RECT</subfield>
      <subfield code="b">SAT_CLFT</subfield>
      <subfield code="d">2013-03-19</subfield>
      <subfield code="y">FL</subfield>
      <subfield code="p">12-44341</subfield>
      <subfield code="i">12-44341</subfield>
      <subfield code="g">20</subfield>
      <subfield code="o">F628.4 G326g</subfield>
      <subfield code="e">Canje</subfield>
      <subfield code="8">CG</subfield>
    </datafield>
    <datafield tag="952" ind1=" " ind2=" ">
      <subfield code="a">BIB_RECT</subfield>
      <subfield code="b">SAT_CLFT</subfield>
      <subfield code="d">2013-03-19</subfield>
      <subfield code="y">FL</subfield>
      <subfield code="p">12-44342</subfield>
      <subfield code="i">12-44342</subfield>
      <subfield code="g">20</subfield>
      <subfield code="o">F628.4 G326g</subfield>
      <subfield code="e">Canje</subfield>
      <subfield code="8">CG</subfield>
    </datafield>
    <datafield tag="952" ind1=" " ind2=" ">
      <subfield code="a">BIB_RECT</subfield>
      <subfield code="b">SAT_PMDN </subfield>
      <subfield code="d">2013-03-19</subfield>
      <subfield code="y">FL</subfield>
      <subfield code="p">15-44358</subfield>
      <subfield code="i">15-44358</subfield>
      <subfield code="g">20</subfield>
      <subfield code="o">F628.4 G326g</subfield>
      <subfield code="e">Canje</subfield>
      <subfield code="8">CG</subfield>
    </datafield>
    <datafield tag="952" ind1=" " ind2=" ">
      <subfield code="a">BIB_RECT</subfield>
      <subfield code="b">SAT_PMDN </subfield>
      <subfield code="d">2013-03-19</subfield>
      <subfield code="y">FL</subfield>
      <subfield code="p">15-44359</subfield>
      <subfield code="i">15-44359</subfield>
      <subfield code="g">20</subfield>
      <subfield code="o">F628.4 G326g</subfield>
      <subfield code="e">Canje</subfield>
      <subfield code="8">CG</subfield>
    </datafield>
    <datafield tag="952" ind1=" " ind2=" ">
      <subfield code="a">BIB_RECT</subfield>
      <subfield code="b">SAT_PMDN </subfield>
      <subfield code="d">2013-03-19</subfield>
      <subfield code="y">FL</subfield>
      <subfield code="p">15-44360</subfield>
      <subfield code="i">15-44360</subfield>
      <subfield code="g">20</subfield>
      <subfield code="o">F628.4 G326g</subfield>
      <subfield code="e">Canje</subfield>
      <subfield code="8">CG</subfield>
    </datafield>
    <datafield tag="952" ind1=" " ind2=" ">
      <subfield code="a">BIB_RECT</subfield>
      <subfield code="b">SAT_PDES</subfield>
      <subfield code="d">2013-03-19</subfield>
      <subfield code="y">FL</subfield>
      <subfield code="p">16-44313</subfield>
      <subfield code="i">16-44313</subfield>
      <subfield code="g">20</subfield>
      <subfield code="o">F628.4 G326g</subfield>
      <subfield code="e">Canje</subfield>
      <subfield code="8">CG</subfield>
    </datafield>
    <datafield tag="952" ind1=" " ind2=" ">
      <subfield code="a">BIB_RECT</subfield>
      <subfield code="b">SAT_PDES</subfield>
      <subfield code="d">2013-03-19</subfield>
      <subfield code="y">FL</subfield>
      <subfield code="p">16-44314</subfield>
      <subfield code="i">16-44314</subfield>
      <subfield code="g">20</subfield>
      <subfield code="o">F628.4 G326g</subfield>
      <subfield code="e">Canje</subfield>
      <subfield code="8">CG</subfield>
    </datafield>
    <datafield tag="952" ind1=" " ind2=" ">
      <subfield code="a">BIB_RECT</subfield>
      <subfield code="b">SAT_PDES</subfield>
      <subfield code="d">2013-03-19</subfield>
      <subfield code="y">FL</subfield>
      <subfield code="p">16-44315</subfield>
      <subfield code="i">16-44315</subfield>
      <subfield code="g">20</subfield>
      <subfield code="o">F628.4 G326g</subfield>
      <subfield code="e">Canje</subfield>
      <subfield code="8">CG</subfield>
    </datafield>
    <datafield tag="952" ind1=" " ind2=" ">
      <subfield code="a">BIB_RECT</subfield>
      <subfield code="b">SAT_GREG</subfield>
      <subfield code="d">2010-08-30</subfield>
      <subfield code="y">FL</subfield>
      <subfield code="p">18-39721</subfield>
      <subfield code="i">18-39721</subfield>
      <subfield code="g">12</subfield>
      <subfield code="o">F628.4 G326g</subfield>
      <subfield code="e">Donación</subfield>
      <subfield code="8">CG</subfield>
    </datafield>
    <datafield tag="952" ind1=" " ind2=" ">
      <subfield code="a">BIB_RECT</subfield>
      <subfield code="b">SAT_GREG</subfield>
      <subfield code="d">2010-08-30</subfield>
      <subfield code="y">FL</subfield>
      <subfield code="p">18-39722</subfield>
      <subfield code="i">18-39722</subfield>
      <subfield code="g">12</subfield>
      <subfield code="o">F628.4 G326g</subfield>
      <subfield code="e">Donación</subfield>
      <subfield code="8">CG</subfield>
    </datafield>
    <datafield tag="952" ind1=" " ind2=" ">
      <subfield code="a">BIB_RECT</subfield>
      <subfield code="b">SAT_GREG</subfield>
      <subfield code="d">2013-03-19</subfield>
      <subfield code="y">FL</subfield>
      <subfield code="p">18-44331</subfield>
      <subfield code="i">18-44331</subfield>
      <subfield code="g">20</subfield>
      <subfield code="o">F628.4 G326g</subfield>
      <subfield code="e">Canje</subfield>
      <subfield code="8">CG</subfield>
    </datafield>
    <datafield tag="952" ind1=" " ind2=" ">
      <subfield code="a">BIB_RECT</subfield>
      <subfield code="b">SAT_GREG</subfield>
      <subfield code="d">2013-03-19</subfield>
      <subfield code="y">FL</subfield>
      <subfield code="p">18-44332</subfield>
      <subfield code="i">18-44332</subfield>
      <subfield code="g">20</subfield>
      <subfield code="o">F628.4 G326g</subfield>
      <subfield code="e">Canje</subfield>
      <subfield code="8">CG</subfield>
    </datafield>
    <datafield tag="952" ind1=" " ind2=" ">
      <subfield code="a">BIB_RECT</subfield>
      <subfield code="b">SAT_GREG</subfield>
      <subfield code="d">2013-03-19</subfield>
      <subfield code="y">FL</subfield>
      <subfield code="p">18-44333</subfield>
      <subfield code="i">18-44333</subfield>
      <subfield code="g">20</subfield>
      <subfield code="o">F628.4 G326g</subfield>
      <subfield code="e">Canje</subfield>
      <subfield code="8">CG</subfield>
    </datafield>
    <datafield tag="952" ind1=" " ind2=" ">
      <subfield code="a">BIB_RECT</subfield>
      <subfield code="b">SAT_USHU</subfield>
      <subfield code="d">2013-03-19</subfield>
      <subfield code="y">FL</subfield>
      <subfield code="p">19-44322</subfield>
      <subfield code="i">19-44322</subfield>
      <subfield code="g">20</subfield>
      <subfield code="o">F628.4 G326g</subfield>
      <subfield code="e">Canje</subfield>
      <subfield code="8">CG</subfield>
    </datafield>
    <datafield tag="952" ind1=" " ind2=" ">
      <subfield code="a">BIB_RECT</subfield>
      <subfield code="b">SAT_USHU</subfield>
      <subfield code="d">2013-03-19</subfield>
      <subfield code="y">FL</subfield>
      <subfield code="p">19-44323</subfield>
      <subfield code="i">19-44323</subfield>
      <subfield code="g">20</subfield>
      <subfield code="o">F628.4 G326g</subfield>
      <subfield code="e">Canje</subfield>
      <subfield code="8">CG</subfield>
    </datafield>
    <datafield tag="952" ind1=" " ind2=" ">
      <subfield code="a">BIB_RECT</subfield>
      <subfield code="b">SAT_USHU</subfield>
      <subfield code="d">2013-03-19</subfield>
      <subfield code="y">FL</subfield>
      <subfield code="p">19-44324</subfield>
      <subfield code="i">19-44324</subfield>
      <subfield code="g">20</subfield>
      <subfield code="o">F628.4 G326g</subfield>
      <subfield code="e">Canje</subfield>
      <subfield code="8">CG</subfield>
    </datafield>
  </record>