
  <record>
    <leader>01000aam  22002601a 4500</leader>
    <controlfield tag="001">YPZ93316</controlfield>
    <controlfield tag="003">YPZ</controlfield>
    <controlfield tag="005">201008271535290</controlfield>
    <controlfield tag="008">100827|###########||||||b||||||||||spa|d</controlfield>
    <datafield tag="040" ind1=" " ind2=" ">
      <subfield code="c">SIUNPA</subfield>
    </datafield>
    <datafield tag="041" ind1=" " ind2=" ">
      <subfield code="a">spa</subfield>
    </datafield>
    <datafield tag="044" ind1=" " ind2=" ">
      <subfield code="a">AR</subfield>
    </datafield>
    <datafield tag="080" ind1=" " ind2=" ">
      <subfield code="a">F628.4 D612d</subfield>
    </datafield>
    <datafield tag="110" ind1=" " ind2=" ">
      <subfield code="a">Santa Cruz. Plan Provincial de Gestión Integral de Residuos Sólidos Urbanos. Programa de Educación y Difusión en las Escuelas.</subfield>
    </datafield>
    <datafield tag="245" ind1=" " ind2=" ">
      <subfield code="a">La disposición final de los residuos urbanos</subfield>
    </datafield>
    <datafield tag="260" ind1=" " ind2=" ">
      <subfield code="a">Río Gallegos</subfield>
      <subfield code="b"> : Subsecretaría de Medio Ambiente, Ministerio de Economía y Obras Públicas, Gobierno de la Provincia de Santa Cruz</subfield>
      <subfield code="c"> , 2005</subfield>
    </datafield>
    <datafield tag="440" ind1=" " ind2=" ">
      <subfield code="a">Cartilla de divulgación</subfield>
      <subfield code="v">RSU 03</subfield>
    </datafield>
    <datafield tag="490" ind1=" " ind2=" ">
      <subfield code="a">Cartilla de divulgación</subfield>
      <subfield code="v">RSU 03</subfield>
    </datafield>
    <datafield tag="650" ind1=" " ind2=" ">
      <subfield code="a"> RESIDUOS</subfield>
    </datafield>
    <datafield tag="650" ind1=" " ind2=" ">
      <subfield code="a"> TRATAMIENTO DE RESIDUOS</subfield>
    </datafield>
    <datafield tag="650" ind1=" " ind2=" ">
      <subfield code="a"> PROTECCION AMBIENTAL</subfield>
    </datafield>
    <datafield tag="650" ind1=" " ind2=" ">
      <subfield code="a"> SANTA CRUZ</subfield>
    </datafield>
    <datafield tag="942" ind1=" " ind2=" ">
      <subfield code="c">FL</subfield>
    </datafield>
    <datafield tag="952" ind1=" " ind2=" ">
      <subfield code="a">BIB_RECT</subfield>
      <subfield code="b">BIB_UACO</subfield>
      <subfield code="d">2013-03-19</subfield>
      <subfield code="y">FL</subfield>
      <subfield code="p">02-44292</subfield>
      <subfield code="i">02-44292</subfield>
      <subfield code="g">20</subfield>
      <subfield code="o">F628.4 D612d</subfield>
      <subfield code="e">Canje</subfield>
      <subfield code="8">CG</subfield>
    </datafield>
    <datafield tag="952" ind1=" " ind2=" ">
      <subfield code="a">BIB_RECT</subfield>
      <subfield code="b">BIB_UACO</subfield>
      <subfield code="d">2013-03-19</subfield>
      <subfield code="y">FL</subfield>
      <subfield code="p">02-44293</subfield>
      <subfield code="i">02-44293</subfield>
      <subfield code="g">20</subfield>
      <subfield code="o">F628.4 D612d</subfield>
      <subfield code="e">Canje</subfield>
      <subfield code="8">CG</subfield>
    </datafield>
    <datafield tag="952" ind1=" " ind2=" ">
      <subfield code="a">BIB_RECT</subfield>
      <subfield code="b">BIB_UACO</subfield>
      <subfield code="d">2013-03-19</subfield>
      <subfield code="y">FL</subfield>
      <subfield code="p">02-44294</subfield>
      <subfield code="i">02-44294</subfield>
      <subfield code="g">20</subfield>
      <subfield code="o">F628.4 D612d</subfield>
      <subfield code="e">Canje</subfield>
      <subfield code="8">CG</subfield>
    </datafield>
    <datafield tag="952" ind1=" " ind2=" ">
      <subfield code="a">BIB_RECT</subfield>
      <subfield code="b">BIB_UACO</subfield>
      <subfield code="d">2016-06-02</subfield>
      <subfield code="y">FL</subfield>
      <subfield code="p">02-48055</subfield>
      <subfield code="i">02-48055</subfield>
      <subfield code="g">150</subfield>
      <subfield code="o">F628.4 D612d</subfield>
      <subfield code="e">Canje SIUNPA</subfield>
      <subfield code="8">CG</subfield>
    </datafield>
    <datafield tag="952" ind1=" " ind2=" ">
      <subfield code="a">BIB_RECT</subfield>
      <subfield code="b">BIB_UACO</subfield>
      <subfield code="d">2016-06-03</subfield>
      <subfield code="y">FL</subfield>
      <subfield code="p">02-48056</subfield>
      <subfield code="i">02-48056</subfield>
      <subfield code="g">150</subfield>
      <subfield code="o">F628.4 D612d</subfield>
      <subfield code="e">Canje SIUNPA</subfield>
      <subfield code="8">CG</subfield>
    </datafield>
    <datafield tag="952" ind1=" " ind2=" ">
      <subfield code="a">BIB_RECT</subfield>
      <subfield code="b">BIB_UACO</subfield>
      <subfield code="d">2016-06-03</subfield>
      <subfield code="y">FL</subfield>
      <subfield code="p">02-48057</subfield>
      <subfield code="i">02-48057</subfield>
      <subfield code="g">150</subfield>
      <subfield code="o">F628.4 D612d</subfield>
      <subfield code="e">Canje SIUNPA</subfield>
      <subfield code="8">CG</subfield>
    </datafield>
    <datafield tag="952" ind1=" " ind2=" ">
      <subfield code="a">BIB_RECT</subfield>
      <subfield code="b">BIB_UACO</subfield>
      <subfield code="d">2016-06-07</subfield>
      <subfield code="y">FL</subfield>
      <subfield code="p">02-48058</subfield>
      <subfield code="i">02-48058</subfield>
      <subfield code="g">150</subfield>
      <subfield code="o">F628.4 D612d</subfield>
      <subfield code="e">Canje SIUNPA</subfield>
      <subfield code="8">CG</subfield>
    </datafield>
    <datafield tag="952" ind1=" " ind2=" ">
      <subfield code="a">BIB_RECT</subfield>
      <subfield code="b">BIB_UART</subfield>
      <subfield code="d">2013-03-19</subfield>
      <subfield code="y">FL</subfield>
      <subfield code="p">03-44301</subfield>
      <subfield code="i">03-44301</subfield>
      <subfield code="g">20</subfield>
      <subfield code="o">F628.4 D612d</subfield>
      <subfield code="e">Canje</subfield>
      <subfield code="8">CG</subfield>
    </datafield>
    <datafield tag="952" ind1=" " ind2=" ">
      <subfield code="a">BIB_RECT</subfield>
      <subfield code="b">BIB_UART</subfield>
      <subfield code="d">2013-03-19</subfield>
      <subfield code="y">FL</subfield>
      <subfield code="p">03-44302</subfield>
      <subfield code="i">03-44302</subfield>
      <subfield code="g">20</subfield>
      <subfield code="o">F628.4 D612d</subfield>
      <subfield code="e">Canje</subfield>
      <subfield code="8">CG</subfield>
    </datafield>
    <datafield tag="952" ind1=" " ind2=" ">
      <subfield code="a">BIB_RECT</subfield>
      <subfield code="b">BIB_UART</subfield>
      <subfield code="d">2013-03-19</subfield>
      <subfield code="y">FL</subfield>
      <subfield code="p">03-44303</subfield>
      <subfield code="i">03-44303</subfield>
      <subfield code="g">20</subfield>
      <subfield code="o">F628.4 D612d</subfield>
      <subfield code="e">Canje</subfield>
      <subfield code="8">CG</subfield>
    </datafield>
    <datafield tag="952" ind1=" " ind2=" ">
      <subfield code="a">BIB_RECT</subfield>
      <subfield code="b">BIB_UASJ</subfield>
      <subfield code="d">2010-08-25</subfield>
      <subfield code="y">FL</subfield>
      <subfield code="p">04-39697</subfield>
      <subfield code="i">04-39697</subfield>
      <subfield code="g">5</subfield>
      <subfield code="o">F628.4 D612d</subfield>
      <subfield code="e">Donación</subfield>
      <subfield code="8">CG</subfield>
    </datafield>
    <datafield tag="952" ind1=" " ind2=" ">
      <subfield code="a">BIB_RECT</subfield>
      <subfield code="b">BIB_UASJ</subfield>
      <subfield code="d">2010-08-25</subfield>
      <subfield code="y">FL</subfield>
      <subfield code="p">04-39698</subfield>
      <subfield code="i">04-39698</subfield>
      <subfield code="g">5</subfield>
      <subfield code="o">F628.4 D612d</subfield>
      <subfield code="e">Donación</subfield>
      <subfield code="8">CG</subfield>
    </datafield>
    <datafield tag="952" ind1=" " ind2=" ">
      <subfield code="a">BIB_RECT</subfield>
      <subfield code="b">BIB_UASJ</subfield>
      <subfield code="d">2010-08-25</subfield>
      <subfield code="y">FL</subfield>
      <subfield code="p">04-39699</subfield>
      <subfield code="i">04-39699</subfield>
      <subfield code="g">5</subfield>
      <subfield code="o">F628.4 D612d</subfield>
      <subfield code="e">Donación</subfield>
      <subfield code="8">CG</subfield>
    </datafield>
    <datafield tag="952" ind1=" " ind2=" ">
      <subfield code="a">BIB_RECT</subfield>
      <subfield code="b">BIB_UASJ</subfield>
      <subfield code="d">2016-06-09</subfield>
      <subfield code="y">FL</subfield>
      <subfield code="p">04-48084</subfield>
      <subfield code="i">04-48084</subfield>
      <subfield code="g">180</subfield>
      <subfield code="o">F628.4 D612d</subfield>
      <subfield code="e">Don. SIUNPA</subfield>
      <subfield code="8">CG</subfield>
    </datafield>
    <datafield tag="952" ind1=" " ind2=" ">
      <subfield code="a">BIB_RECT</subfield>
      <subfield code="b">BIB_UASJ</subfield>
      <subfield code="d">2016-06-09</subfield>
      <subfield code="y">FL</subfield>
      <subfield code="p">04-48086</subfield>
      <subfield code="i">04-48086</subfield>
      <subfield code="g">180</subfield>
      <subfield code="o">F628.4 D612d</subfield>
      <subfield code="e">Don. SIUNPA</subfield>
      <subfield code="8">CG</subfield>
    </datafield>
    <datafield tag="952" ind1=" " ind2=" ">
      <subfield code="a">BIB_RECT</subfield>
      <subfield code="b">BIB_UASJ</subfield>
      <subfield code="d">2016-06-09</subfield>
      <subfield code="y">FL</subfield>
      <subfield code="p">04-48087</subfield>
      <subfield code="i">04-48087</subfield>
      <subfield code="g">180</subfield>
      <subfield code="o">F628.4 D612d</subfield>
      <subfield code="e">Don. SIUNPA</subfield>
      <subfield code="8">CG</subfield>
    </datafield>
    <datafield tag="952" ind1=" " ind2=" ">
      <subfield code="a">BIB_RECT</subfield>
      <subfield code="b">BIB_UARG</subfield>
      <subfield code="d">2013-03-19</subfield>
      <subfield code="y">FL</subfield>
      <subfield code="p">05-44310</subfield>
      <subfield code="i">05-44310</subfield>
      <subfield code="g">20</subfield>
      <subfield code="o">F628.4 D612d</subfield>
      <subfield code="e">Canje</subfield>
      <subfield code="8">CG</subfield>
    </datafield>
    <datafield tag="952" ind1=" " ind2=" ">
      <subfield code="a">BIB_RECT</subfield>
      <subfield code="b">BIB_UARG</subfield>
      <subfield code="d">2013-03-19</subfield>
      <subfield code="y">FL</subfield>
      <subfield code="p">05-44311</subfield>
      <subfield code="i">05-44311</subfield>
      <subfield code="g">20</subfield>
      <subfield code="o">F628.4 D612d</subfield>
      <subfield code="e">Canje</subfield>
      <subfield code="8">CG</subfield>
    </datafield>
    <datafield tag="952" ind1=" " ind2=" ">
      <subfield code="a">BIB_RECT</subfield>
      <subfield code="b">BIB_UARG</subfield>
      <subfield code="d">2013-03-19</subfield>
      <subfield code="y">FL</subfield>
      <subfield code="p">05-44312</subfield>
      <subfield code="i">05-44312</subfield>
      <subfield code="g">20</subfield>
      <subfield code="o">F628.4 D612d</subfield>
      <subfield code="e">Canje</subfield>
      <subfield code="8">CG</subfield>
    </datafield>
    <datafield tag="952" ind1=" " ind2=" ">
      <subfield code="a">BIB_RECT</subfield>
      <subfield code="b">SAT_TRUN</subfield>
      <subfield code="d">2013-03-19</subfield>
      <subfield code="y">FL</subfield>
      <subfield code="p">10-44355</subfield>
      <subfield code="i">10-44355</subfield>
      <subfield code="g">20</subfield>
      <subfield code="o">F628.4 D612d</subfield>
      <subfield code="e">Canje</subfield>
      <subfield code="8">CG</subfield>
    </datafield>
    <datafield tag="952" ind1=" " ind2=" ">
      <subfield code="a">BIB_RECT</subfield>
      <subfield code="b">SAT_TRUN</subfield>
      <subfield code="d">2013-03-19</subfield>
      <subfield code="y">FL</subfield>
      <subfield code="p">10-44356</subfield>
      <subfield code="i">10-44356</subfield>
      <subfield code="g">20</subfield>
      <subfield code="o">F628.4 D612d</subfield>
      <subfield code="e">Canje</subfield>
      <subfield code="8">CG</subfield>
    </datafield>
    <datafield tag="952" ind1=" " ind2=" ">
      <subfield code="a">BIB_RECT</subfield>
      <subfield code="b">SAT_TRUN</subfield>
      <subfield code="d">2013-03-19</subfield>
      <subfield code="y">FL</subfield>
      <subfield code="p">10-44357</subfield>
      <subfield code="i">10-44357</subfield>
      <subfield code="g">20</subfield>
      <subfield code="o">F628.4 D612d</subfield>
      <subfield code="e">Canje</subfield>
      <subfield code="8">CG</subfield>
    </datafield>
    <datafield tag="952" ind1=" " ind2=" ">
      <subfield code="a">BIB_RECT</subfield>
      <subfield code="b">SAT_PBNA</subfield>
      <subfield code="d">2010-08-30</subfield>
      <subfield code="y">FL</subfield>
      <subfield code="p">11-39719</subfield>
      <subfield code="i">11-39719</subfield>
      <subfield code="g">5</subfield>
      <subfield code="o">F628.4 D612d</subfield>
      <subfield code="e">Donación</subfield>
      <subfield code="8">CG</subfield>
    </datafield>
    <datafield tag="952" ind1=" " ind2=" ">
      <subfield code="a">BIB_RECT</subfield>
      <subfield code="b">SAT_PBNA</subfield>
      <subfield code="d">2010-08-30</subfield>
      <subfield code="y">FL</subfield>
      <subfield code="p">11-39720</subfield>
      <subfield code="i">11-39720</subfield>
      <subfield code="g">5</subfield>
      <subfield code="o">F628.4 D612d</subfield>
      <subfield code="e">Donación</subfield>
      <subfield code="8">CG</subfield>
    </datafield>
    <datafield tag="952" ind1=" " ind2=" ">
      <subfield code="a">BIB_RECT</subfield>
      <subfield code="b">SAT_CLFT</subfield>
      <subfield code="d">2013-03-19</subfield>
      <subfield code="y">FL</subfield>
      <subfield code="p">12-44346</subfield>
      <subfield code="i">12-44346</subfield>
      <subfield code="g">20</subfield>
      <subfield code="o">F628.4 D612d</subfield>
      <subfield code="e">Canje</subfield>
      <subfield code="8">CG</subfield>
    </datafield>
    <datafield tag="952" ind1=" " ind2=" ">
      <subfield code="a">BIB_RECT</subfield>
      <subfield code="b">SAT_CLFT</subfield>
      <subfield code="d">2013-03-19</subfield>
      <subfield code="y">FL</subfield>
      <subfield code="p">12-44347</subfield>
      <subfield code="i">12-44347</subfield>
      <subfield code="g">20</subfield>
      <subfield code="o">F628.4 D612d</subfield>
      <subfield code="e">Canje</subfield>
      <subfield code="8">CG</subfield>
    </datafield>
    <datafield tag="952" ind1=" " ind2=" ">
      <subfield code="a">BIB_RECT</subfield>
      <subfield code="b">SAT_CLFT</subfield>
      <subfield code="d">2013-03-19</subfield>
      <subfield code="y">FL</subfield>
      <subfield code="p">12-44348</subfield>
      <subfield code="i">12-44348</subfield>
      <subfield code="g">20</subfield>
      <subfield code="o">F628.4 D612d</subfield>
      <subfield code="e">Canje</subfield>
      <subfield code="8">CG</subfield>
    </datafield>
    <datafield tag="952" ind1=" " ind2=" ">
      <subfield code="a">BIB_RECT</subfield>
      <subfield code="b">SAT_PMDN </subfield>
      <subfield code="d">2013-03-19</subfield>
      <subfield code="y">FL</subfield>
      <subfield code="p">15-44364</subfield>
      <subfield code="i">15-44364</subfield>
      <subfield code="g">20</subfield>
      <subfield code="o">F628.4 D612d</subfield>
      <subfield code="e">Canje</subfield>
      <subfield code="8">CG</subfield>
    </datafield>
    <datafield tag="952" ind1=" " ind2=" ">
      <subfield code="a">BIB_RECT</subfield>
      <subfield code="b">SAT_PMDN </subfield>
      <subfield code="d">2013-03-19</subfield>
      <subfield code="y">FL</subfield>
      <subfield code="p">15-44365</subfield>
      <subfield code="i">15-44365</subfield>
      <subfield code="g">20</subfield>
      <subfield code="o">F628.4 D612d</subfield>
      <subfield code="e">Canje</subfield>
      <subfield code="8">CG</subfield>
    </datafield>
    <datafield tag="952" ind1=" " ind2=" ">
      <subfield code="a">BIB_RECT</subfield>
      <subfield code="b">SAT_PMDN </subfield>
      <subfield code="d">2013-03-19</subfield>
      <subfield code="y">FL</subfield>
      <subfield code="p">15-44366</subfield>
      <subfield code="i">15-44366</subfield>
      <subfield code="g">20</subfield>
      <subfield code="o">F628.4 D612d</subfield>
      <subfield code="e">Canje</subfield>
      <subfield code="8">CG</subfield>
    </datafield>
    <datafield tag="952" ind1=" " ind2=" ">
      <subfield code="a">BIB_RECT</subfield>
      <subfield code="b">SAT_PDES</subfield>
      <subfield code="d">2013-03-19</subfield>
      <subfield code="y">FL</subfield>
      <subfield code="p">16-44319</subfield>
      <subfield code="i">16-44319</subfield>
      <subfield code="g">20</subfield>
      <subfield code="o">F628.4 D612d</subfield>
      <subfield code="e">Canje</subfield>
      <subfield code="8">CG</subfield>
    </datafield>
    <datafield tag="952" ind1=" " ind2=" ">
      <subfield code="a">BIB_RECT</subfield>
      <subfield code="b">SAT_PDES</subfield>
      <subfield code="d">2013-03-19</subfield>
      <subfield code="y">FL</subfield>
      <subfield code="p">16-44320</subfield>
      <subfield code="i">16-44320</subfield>
      <subfield code="g">20</subfield>
      <subfield code="o">F628.4 D612d</subfield>
      <subfield code="e">Canje</subfield>
      <subfield code="8">CG</subfield>
    </datafield>
    <datafield tag="952" ind1=" " ind2=" ">
      <subfield code="a">BIB_RECT</subfield>
      <subfield code="b">SAT_PDES</subfield>
      <subfield code="d">2013-03-19</subfield>
      <subfield code="y">FL</subfield>
      <subfield code="p">16-44321</subfield>
      <subfield code="i">16-44321</subfield>
      <subfield code="g">20</subfield>
      <subfield code="o">F628.4 D612d</subfield>
      <subfield code="e">Canje</subfield>
      <subfield code="8">CG</subfield>
    </datafield>
    <datafield tag="952" ind1=" " ind2=" ">
      <subfield code="a">BIB_RECT</subfield>
      <subfield code="b">SAT_GREG</subfield>
      <subfield code="d">2010-08-30</subfield>
      <subfield code="y">FL</subfield>
      <subfield code="p">18-39725</subfield>
      <subfield code="i">18-39725</subfield>
      <subfield code="g">5</subfield>
      <subfield code="o">F628.4 D612d</subfield>
      <subfield code="e">Donación</subfield>
      <subfield code="8">CG</subfield>
    </datafield>
    <datafield tag="952" ind1=" " ind2=" ">
      <subfield code="a">BIB_RECT</subfield>
      <subfield code="b">SAT_GREG</subfield>
      <subfield code="d">2010-08-30</subfield>
      <subfield code="y">FL</subfield>
      <subfield code="p">18-39726</subfield>
      <subfield code="i">18-39726</subfield>
      <subfield code="g">5</subfield>
      <subfield code="o">F628.4 D612d</subfield>
      <subfield code="e">Donación</subfield>
      <subfield code="8">CG</subfield>
    </datafield>
    <datafield tag="952" ind1=" " ind2=" ">
      <subfield code="a">BIB_RECT</subfield>
      <subfield code="b">SAT_GREG</subfield>
      <subfield code="d">2013-03-19</subfield>
      <subfield code="y">FL</subfield>
      <subfield code="p">18-44337</subfield>
      <subfield code="i">18-44337</subfield>
      <subfield code="g">20</subfield>
      <subfield code="o">F628.4 D612d</subfield>
      <subfield code="e">Canje</subfield>
      <subfield code="8">CG</subfield>
    </datafield>
    <datafield tag="952" ind1=" " ind2=" ">
      <subfield code="a">BIB_RECT</subfield>
      <subfield code="b">SAT_GREG</subfield>
      <subfield code="d">2013-03-19</subfield>
      <subfield code="y">FL</subfield>
      <subfield code="p">18-44338</subfield>
      <subfield code="i">18-44338</subfield>
      <subfield code="g">20</subfield>
      <subfield code="o">F628.4 D612d</subfield>
      <subfield code="e">Canje</subfield>
      <subfield code="8">CG</subfield>
    </datafield>
    <datafield tag="952" ind1=" " ind2=" ">
      <subfield code="a">BIB_RECT</subfield>
      <subfield code="b">SAT_GREG</subfield>
      <subfield code="d">2013-03-19</subfield>
      <subfield code="y">FL</subfield>
      <subfield code="p">18-44339</subfield>
      <subfield code="i">18-44339</subfield>
      <subfield code="g">20</subfield>
      <subfield code="o">F628.4 D612d</subfield>
      <subfield code="e">Canje</subfield>
      <subfield code="8">CG</subfield>
    </datafield>
    <datafield tag="952" ind1=" " ind2=" ">
      <subfield code="a">BIB_RECT</subfield>
      <subfield code="b">SAT_USHU</subfield>
      <subfield code="d">2013-03-19</subfield>
      <subfield code="y">FL</subfield>
      <subfield code="p">19-44328</subfield>
      <subfield code="i">19-44328</subfield>
      <subfield code="g">20</subfield>
      <subfield code="o">F628.4 D612d</subfield>
      <subfield code="e">Canje</subfield>
      <subfield code="8">CG</subfield>
    </datafield>
    <datafield tag="952" ind1=" " ind2=" ">
      <subfield code="a">BIB_RECT</subfield>
      <subfield code="b">SAT_USHU</subfield>
      <subfield code="d">2013-03-19</subfield>
      <subfield code="y">FL</subfield>
      <subfield code="p">19-44329</subfield>
      <subfield code="i">19-44329</subfield>
      <subfield code="g">20</subfield>
      <subfield code="o">F628.4 D612d</subfield>
      <subfield code="e">Canje</subfield>
      <subfield code="8">CG</subfield>
    </datafield>
    <datafield tag="952" ind1=" " ind2=" ">
      <subfield code="a">BIB_RECT</subfield>
      <subfield code="b">SAT_USHU</subfield>
      <subfield code="d">2013-03-19</subfield>
      <subfield code="y">FL</subfield>
      <subfield code="p">19-44330</subfield>
      <subfield code="i">19-44330</subfield>
      <subfield code="g">20</subfield>
      <subfield code="o">F628.4 D612d</subfield>
      <subfield code="e">Canje</subfield>
      <subfield code="8">CG</subfield>
    </datafield>
  </record>