
  <record>
    <leader>01000aam  22002601a 4500</leader>
    <controlfield tag="001">YPZ93317</controlfield>
    <controlfield tag="003">YPZ</controlfield>
    <controlfield tag="005">201008271541030</controlfield>
    <controlfield tag="008">100827|###########||||||b||||||||||spa|d</controlfield>
    <datafield tag="040" ind1=" " ind2=" ">
      <subfield code="c">SIUNPA</subfield>
    </datafield>
    <datafield tag="041" ind1=" " ind2=" ">
      <subfield code="a">spa</subfield>
    </datafield>
    <datafield tag="044" ind1=" " ind2=" ">
      <subfield code="a">AR</subfield>
    </datafield>
    <datafield tag="080" ind1=" " ind2=" ">
      <subfield code="a">F628.4 T776t</subfield>
    </datafield>
    <datafield tag="110" ind1=" " ind2=" ">
      <subfield code="a">Santa Cruz. Plan Provincial de Gestión Integral de Residuos Sólidos Urbanos. Programa de Educación y Difusión en las Escuelas.</subfield>
    </datafield>
    <datafield tag="245" ind1=" " ind2=" ">
      <subfield code="a">El tratamiento de los residuos y su reciclado</subfield>
    </datafield>
    <datafield tag="260" ind1=" " ind2=" ">
      <subfield code="a">Río Gallegos</subfield>
      <subfield code="b"> : Subsecretaría de Medio Ambiente, Ministerio de Economía y Obras Públicas, Gobierno de la Provincia de Santa Cruz</subfield>
      <subfield code="c"> , 2004</subfield>
    </datafield>
    <datafield tag="440" ind1=" " ind2=" ">
      <subfield code="a">Cartilla de divulgación</subfield>
      <subfield code="v">RSU 02</subfield>
    </datafield>
    <datafield tag="490" ind1=" " ind2=" ">
      <subfield code="a">Cartilla de divulgación</subfield>
      <subfield code="v">RSU 02</subfield>
    </datafield>
    <datafield tag="500" ind1=" " ind2=" ">
      <subfield code="a">Para niños de 6 a 14 años</subfield>
    </datafield>
    <datafield tag="650" ind1=" " ind2=" ">
      <subfield code="a"> RESIDUOS</subfield>
    </datafield>
    <datafield tag="650" ind1=" " ind2=" ">
      <subfield code="a"> TRATAMIENTO DE RESIDUOS </subfield>
    </datafield>
    <datafield tag="650" ind1=" " ind2=" ">
      <subfield code="a"> EDUCACION AMBIENTAL</subfield>
    </datafield>
    <datafield tag="650" ind1=" " ind2=" ">
      <subfield code="a"> RECICLADO DE RESIDUOS</subfield>
    </datafield>
    <datafield tag="650" ind1=" " ind2=" ">
      <subfield code="a"> SANTA CRUZ</subfield>
    </datafield>
    <datafield tag="942" ind1=" " ind2=" ">
      <subfield code="c">FL</subfield>
    </datafield>
    <datafield tag="952" ind1=" " ind2=" ">
      <subfield code="a">BIB_RECT</subfield>
      <subfield code="b">BIB_UACO</subfield>
      <subfield code="d">2013-03-19</subfield>
      <subfield code="y">FL</subfield>
      <subfield code="p">02-44289</subfield>
      <subfield code="i">02-44289</subfield>
      <subfield code="g">20</subfield>
      <subfield code="o">F628.4 T776t</subfield>
      <subfield code="e">Canje</subfield>
      <subfield code="8">CG</subfield>
    </datafield>
    <datafield tag="952" ind1=" " ind2=" ">
      <subfield code="a">BIB_RECT</subfield>
      <subfield code="b">BIB_UACO</subfield>
      <subfield code="d">2013-03-19</subfield>
      <subfield code="y">FL</subfield>
      <subfield code="p">02-44290</subfield>
      <subfield code="i">02-44290</subfield>
      <subfield code="g">20</subfield>
      <subfield code="o">F628.4 T776t</subfield>
      <subfield code="e">Canje</subfield>
      <subfield code="8">CG</subfield>
    </datafield>
    <datafield tag="952" ind1=" " ind2=" ">
      <subfield code="a">BIB_RECT</subfield>
      <subfield code="b">BIB_UACO</subfield>
      <subfield code="d">2013-03-19</subfield>
      <subfield code="y">FL</subfield>
      <subfield code="p">02-44291</subfield>
      <subfield code="i">02-44291</subfield>
      <subfield code="g">20</subfield>
      <subfield code="o">F628.4 T776t</subfield>
      <subfield code="e">Canje</subfield>
      <subfield code="8">CG</subfield>
    </datafield>
    <datafield tag="952" ind1=" " ind2=" ">
      <subfield code="a">BIB_RECT</subfield>
      <subfield code="b">BIB_UACO</subfield>
      <subfield code="d">2016-06-07</subfield>
      <subfield code="y">FL</subfield>
      <subfield code="p">02-48051</subfield>
      <subfield code="i">02-48051</subfield>
      <subfield code="g">150</subfield>
      <subfield code="o">F628.4 T776t</subfield>
      <subfield code="e">Canje SIUNPA</subfield>
      <subfield code="8">CG</subfield>
    </datafield>
    <datafield tag="952" ind1=" " ind2=" ">
      <subfield code="a">BIB_RECT</subfield>
      <subfield code="b">BIB_UACO</subfield>
      <subfield code="d">2016-06-03</subfield>
      <subfield code="y">FL</subfield>
      <subfield code="p">02-48052</subfield>
      <subfield code="i">02-48052</subfield>
      <subfield code="g">150</subfield>
      <subfield code="o">F628.4 T776t</subfield>
      <subfield code="e">Canje SIUNPA</subfield>
      <subfield code="8">CG</subfield>
    </datafield>
    <datafield tag="952" ind1=" " ind2=" ">
      <subfield code="a">BIB_RECT</subfield>
      <subfield code="b">BIB_UACO</subfield>
      <subfield code="d">2016-06-07</subfield>
      <subfield code="y">FL</subfield>
      <subfield code="p">02-48053</subfield>
      <subfield code="i">02-48053</subfield>
      <subfield code="g">150</subfield>
      <subfield code="o">F628.4 T776t</subfield>
      <subfield code="e">Canje SIUNPA</subfield>
      <subfield code="8">CG</subfield>
    </datafield>
    <datafield tag="952" ind1=" " ind2=" ">
      <subfield code="a">BIB_RECT</subfield>
      <subfield code="b">BIB_UACO</subfield>
      <subfield code="d">2016-06-07</subfield>
      <subfield code="y">FL</subfield>
      <subfield code="p">02-48054</subfield>
      <subfield code="i">02-48054</subfield>
      <subfield code="g">150</subfield>
      <subfield code="o">F628.4 T776t</subfield>
      <subfield code="e">Canje SIUNPA</subfield>
      <subfield code="8">CG</subfield>
    </datafield>
    <datafield tag="952" ind1=" " ind2=" ">
      <subfield code="a">BIB_RECT</subfield>
      <subfield code="b">BIB_UART</subfield>
      <subfield code="d">2013-03-19</subfield>
      <subfield code="y">FL</subfield>
      <subfield code="p">03-44298</subfield>
      <subfield code="i">03-44298</subfield>
      <subfield code="g">20</subfield>
      <subfield code="o">F628.4 T776t</subfield>
      <subfield code="e">Canje</subfield>
      <subfield code="8">CG</subfield>
    </datafield>
    <datafield tag="952" ind1=" " ind2=" ">
      <subfield code="a">BIB_RECT</subfield>
      <subfield code="b">BIB_UART</subfield>
      <subfield code="d">2013-03-19</subfield>
      <subfield code="y">FL</subfield>
      <subfield code="p">03-44299</subfield>
      <subfield code="i">03-44299</subfield>
      <subfield code="g">20</subfield>
      <subfield code="o">F628.4 T776t</subfield>
      <subfield code="e">Canje</subfield>
      <subfield code="8">CG</subfield>
    </datafield>
    <datafield tag="952" ind1=" " ind2=" ">
      <subfield code="a">BIB_RECT</subfield>
      <subfield code="b">BIB_UART</subfield>
      <subfield code="d">2013-03-19</subfield>
      <subfield code="y">FL</subfield>
      <subfield code="p">03-44300</subfield>
      <subfield code="i">03-44300</subfield>
      <subfield code="g">20</subfield>
      <subfield code="o">F628.4 T776t</subfield>
      <subfield code="e">Canje</subfield>
      <subfield code="8">CG</subfield>
    </datafield>
    <datafield tag="952" ind1=" " ind2=" ">
      <subfield code="a">BIB_RECT</subfield>
      <subfield code="b">BIB_UASJ</subfield>
      <subfield code="d">2010-08-27</subfield>
      <subfield code="y">FL</subfield>
      <subfield code="p">04-39694</subfield>
      <subfield code="i">04-39694</subfield>
      <subfield code="g">10</subfield>
      <subfield code="o">F628.4 T776t</subfield>
      <subfield code="e">Donación</subfield>
      <subfield code="8">CG</subfield>
    </datafield>
    <datafield tag="952" ind1=" " ind2=" ">
      <subfield code="a">BIB_RECT</subfield>
      <subfield code="b">BIB_UASJ</subfield>
      <subfield code="d">2010-08-27</subfield>
      <subfield code="y">FL</subfield>
      <subfield code="p">04-39695</subfield>
      <subfield code="i">04-39695</subfield>
      <subfield code="g">10</subfield>
      <subfield code="o">F628.4 T776t</subfield>
      <subfield code="e">Donación</subfield>
      <subfield code="8">CG</subfield>
    </datafield>
    <datafield tag="952" ind1=" " ind2=" ">
      <subfield code="a">BIB_RECT</subfield>
      <subfield code="b">BIB_UASJ</subfield>
      <subfield code="d">2010-08-27</subfield>
      <subfield code="y">FL</subfield>
      <subfield code="p">04-39696</subfield>
      <subfield code="i">04-39696</subfield>
      <subfield code="g">10</subfield>
      <subfield code="o">F628.4 T776t</subfield>
      <subfield code="e">Donación</subfield>
      <subfield code="8">CG</subfield>
    </datafield>
    <datafield tag="952" ind1=" " ind2=" ">
      <subfield code="a">BIB_RECT</subfield>
      <subfield code="b">BIB_UASJ</subfield>
      <subfield code="d">2016-06-10</subfield>
      <subfield code="y">FL</subfield>
      <subfield code="p">04-48080</subfield>
      <subfield code="i">04-48080</subfield>
      <subfield code="g">180</subfield>
      <subfield code="o">F628.4 T776t</subfield>
      <subfield code="e">Don. SIUNPA</subfield>
      <subfield code="8">CG</subfield>
    </datafield>
    <datafield tag="952" ind1=" " ind2=" ">
      <subfield code="a">BIB_RECT</subfield>
      <subfield code="b">BIB_UASJ</subfield>
      <subfield code="d">2016-06-10</subfield>
      <subfield code="y">FL</subfield>
      <subfield code="p">04-48081</subfield>
      <subfield code="i">04-48081</subfield>
      <subfield code="g">180</subfield>
      <subfield code="o">F628.4 T776t</subfield>
      <subfield code="e">Don. SIUNPA</subfield>
      <subfield code="8">CG</subfield>
    </datafield>
    <datafield tag="952" ind1=" " ind2=" ">
      <subfield code="a">BIB_RECT</subfield>
      <subfield code="b">BIB_UASJ</subfield>
      <subfield code="d">2016-06-10</subfield>
      <subfield code="y">FL</subfield>
      <subfield code="p">04-48082</subfield>
      <subfield code="i">04-48082</subfield>
      <subfield code="g">180</subfield>
      <subfield code="o">F628.4 T776t</subfield>
      <subfield code="e">Don. SIUNPA</subfield>
      <subfield code="8">CG</subfield>
    </datafield>
    <datafield tag="952" ind1=" " ind2=" ">
      <subfield code="a">BIB_RECT</subfield>
      <subfield code="b">BIB_UASJ</subfield>
      <subfield code="d">2016-06-10</subfield>
      <subfield code="y">FL</subfield>
      <subfield code="p">04-48083</subfield>
      <subfield code="i">04-48083</subfield>
      <subfield code="g">180</subfield>
      <subfield code="o">F628.4 T776t</subfield>
      <subfield code="e">Don. SIUNPA</subfield>
      <subfield code="8">CG</subfield>
    </datafield>
    <datafield tag="952" ind1=" " ind2=" ">
      <subfield code="a">BIB_RECT</subfield>
      <subfield code="b">BIB_UARG</subfield>
      <subfield code="d">2013-03-19</subfield>
      <subfield code="y">FL</subfield>
      <subfield code="p">05-44307</subfield>
      <subfield code="i">05-44307</subfield>
      <subfield code="g">2</subfield>
      <subfield code="o">F628.4 T776t</subfield>
      <subfield code="e">Canje</subfield>
      <subfield code="8">CG</subfield>
    </datafield>
    <datafield tag="952" ind1=" " ind2=" ">
      <subfield code="a">BIB_RECT</subfield>
      <subfield code="b">BIB_UARG</subfield>
      <subfield code="d">2013-03-19</subfield>
      <subfield code="y">FL</subfield>
      <subfield code="p">05-44308</subfield>
      <subfield code="i">05-44308</subfield>
      <subfield code="g">20</subfield>
      <subfield code="o">F628.4 T776t</subfield>
      <subfield code="e">Canje</subfield>
      <subfield code="8">CG</subfield>
    </datafield>
    <datafield tag="952" ind1=" " ind2=" ">
      <subfield code="a">BIB_RECT</subfield>
      <subfield code="b">BIB_UARG</subfield>
      <subfield code="d">2013-03-19</subfield>
      <subfield code="y">FL</subfield>
      <subfield code="p">05-44309</subfield>
      <subfield code="i">05-44309</subfield>
      <subfield code="g">20</subfield>
      <subfield code="o">F628.4 T776t</subfield>
      <subfield code="e">Canje</subfield>
      <subfield code="8">CG</subfield>
    </datafield>
    <datafield tag="952" ind1=" " ind2=" ">
      <subfield code="a">BIB_RECT</subfield>
      <subfield code="b">SAT_TRUN</subfield>
      <subfield code="d">2013-03-19</subfield>
      <subfield code="y">FL</subfield>
      <subfield code="p">10-44352</subfield>
      <subfield code="i">10-44352</subfield>
      <subfield code="g">20</subfield>
      <subfield code="o">F628.4 T776t</subfield>
      <subfield code="e">Canje</subfield>
      <subfield code="8">CG</subfield>
    </datafield>
    <datafield tag="952" ind1=" " ind2=" ">
      <subfield code="a">BIB_RECT</subfield>
      <subfield code="b">SAT_TRUN</subfield>
      <subfield code="d">2013-03-19</subfield>
      <subfield code="y">FL</subfield>
      <subfield code="p">10-44353</subfield>
      <subfield code="i">10-44353</subfield>
      <subfield code="g">20</subfield>
      <subfield code="o">F628.4 T776t</subfield>
      <subfield code="e">Canje</subfield>
      <subfield code="8">CG</subfield>
    </datafield>
    <datafield tag="952" ind1=" " ind2=" ">
      <subfield code="a">BIB_RECT</subfield>
      <subfield code="b">SAT_TRUN</subfield>
      <subfield code="d">2013-03-19</subfield>
      <subfield code="y">FL</subfield>
      <subfield code="p">10-44354</subfield>
      <subfield code="i">10-44354</subfield>
      <subfield code="g">20</subfield>
      <subfield code="o">F628.4 T776t</subfield>
      <subfield code="e">Canje</subfield>
      <subfield code="8">CG</subfield>
    </datafield>
    <datafield tag="952" ind1=" " ind2=" ">
      <subfield code="a">BIB_RECT</subfield>
      <subfield code="b">SAT_PBNA</subfield>
      <subfield code="d">2010-08-30</subfield>
      <subfield code="y">FL</subfield>
      <subfield code="p">11-39717</subfield>
      <subfield code="i">11-39717</subfield>
      <subfield code="g">10</subfield>
      <subfield code="o">F628.4 T776t</subfield>
      <subfield code="e">Donación</subfield>
      <subfield code="8">CG</subfield>
    </datafield>
    <datafield tag="952" ind1=" " ind2=" ">
      <subfield code="a">BIB_RECT</subfield>
      <subfield code="b">SAT_PBNA</subfield>
      <subfield code="d">2010-08-30</subfield>
      <subfield code="y">FL</subfield>
      <subfield code="p">11-39718</subfield>
      <subfield code="i">11-39718</subfield>
      <subfield code="g">10</subfield>
      <subfield code="o">F628.4 T776t</subfield>
      <subfield code="e">Donación</subfield>
      <subfield code="8">CG</subfield>
    </datafield>
    <datafield tag="952" ind1=" " ind2=" ">
      <subfield code="a">BIB_RECT</subfield>
      <subfield code="b">SAT_CLFT</subfield>
      <subfield code="d">2013-03-19</subfield>
      <subfield code="y">FL</subfield>
      <subfield code="p">12-44343</subfield>
      <subfield code="i">12-44343</subfield>
      <subfield code="g">20</subfield>
      <subfield code="o">F628.4 T776t</subfield>
      <subfield code="e">Canje</subfield>
      <subfield code="8">CG</subfield>
    </datafield>
    <datafield tag="952" ind1=" " ind2=" ">
      <subfield code="a">BIB_RECT</subfield>
      <subfield code="b">SAT_CLFT</subfield>
      <subfield code="d">2013-03-19</subfield>
      <subfield code="y">FL</subfield>
      <subfield code="p">12-44344</subfield>
      <subfield code="i">12-44344</subfield>
      <subfield code="g">20</subfield>
      <subfield code="o">F628.4 T776t</subfield>
      <subfield code="e">Canje</subfield>
      <subfield code="8">CG</subfield>
    </datafield>
    <datafield tag="952" ind1=" " ind2=" ">
      <subfield code="a">BIB_RECT</subfield>
      <subfield code="b">SAT_CLFT</subfield>
      <subfield code="d">2013-03-19</subfield>
      <subfield code="y">FL</subfield>
      <subfield code="p">12-44345</subfield>
      <subfield code="i">12-44345</subfield>
      <subfield code="g">20</subfield>
      <subfield code="o">F628.4 T776t</subfield>
      <subfield code="e">Canje</subfield>
      <subfield code="8">CG</subfield>
    </datafield>
    <datafield tag="952" ind1=" " ind2=" ">
      <subfield code="a">BIB_RECT</subfield>
      <subfield code="b">SAT_PMDN </subfield>
      <subfield code="d">2013-03-19</subfield>
      <subfield code="y">FL</subfield>
      <subfield code="p">15-44361</subfield>
      <subfield code="i">15-44361</subfield>
      <subfield code="g">20</subfield>
      <subfield code="o">F628.4 T776t</subfield>
      <subfield code="e">Canje</subfield>
      <subfield code="8">CG</subfield>
    </datafield>
    <datafield tag="952" ind1=" " ind2=" ">
      <subfield code="a">BIB_RECT</subfield>
      <subfield code="b">SAT_PMDN </subfield>
      <subfield code="d">2013-03-19</subfield>
      <subfield code="y">FL</subfield>
      <subfield code="p">15-44362</subfield>
      <subfield code="i">15-44362</subfield>
      <subfield code="g">20</subfield>
      <subfield code="o">F628.4 T776t</subfield>
      <subfield code="e">Canje</subfield>
      <subfield code="8">CG</subfield>
    </datafield>
    <datafield tag="952" ind1=" " ind2=" ">
      <subfield code="a">BIB_RECT</subfield>
      <subfield code="b">SAT_PMDN </subfield>
      <subfield code="d">2013-03-19</subfield>
      <subfield code="y">FL</subfield>
      <subfield code="p">15-44363</subfield>
      <subfield code="i">15-44363</subfield>
      <subfield code="g">20</subfield>
      <subfield code="o">F628.4 T776t</subfield>
      <subfield code="e">Canje</subfield>
      <subfield code="8">CG</subfield>
    </datafield>
    <datafield tag="952" ind1=" " ind2=" ">
      <subfield code="a">BIB_RECT</subfield>
      <subfield code="b">SAT_PDES</subfield>
      <subfield code="d">2013-03-19</subfield>
      <subfield code="y">FL</subfield>
      <subfield code="p">16-44316</subfield>
      <subfield code="i">16-44316</subfield>
      <subfield code="g">20</subfield>
      <subfield code="o">F628.4 T776t</subfield>
      <subfield code="e">Canje</subfield>
      <subfield code="8">CG</subfield>
    </datafield>
    <datafield tag="952" ind1=" " ind2=" ">
      <subfield code="a">BIB_RECT</subfield>
      <subfield code="b">SAT_PDES</subfield>
      <subfield code="d">2013-03-19</subfield>
      <subfield code="y">FL</subfield>
      <subfield code="p">16-44317</subfield>
      <subfield code="i">16-44317</subfield>
      <subfield code="g">20</subfield>
      <subfield code="o">F628.4 T776t</subfield>
      <subfield code="e">Canje</subfield>
      <subfield code="8">CG</subfield>
    </datafield>
    <datafield tag="952" ind1=" " ind2=" ">
      <subfield code="a">BIB_RECT</subfield>
      <subfield code="b">SAT_PDES</subfield>
      <subfield code="d">2013-03-19</subfield>
      <subfield code="y">FL</subfield>
      <subfield code="p">16-44318</subfield>
      <subfield code="i">16-44318</subfield>
      <subfield code="g">20</subfield>
      <subfield code="o">F628.4 T776t</subfield>
      <subfield code="e">Canje</subfield>
      <subfield code="8">CG</subfield>
    </datafield>
    <datafield tag="952" ind1=" " ind2=" ">
      <subfield code="a">BIB_RECT</subfield>
      <subfield code="b">SAT_GREG</subfield>
      <subfield code="d">2010-08-30</subfield>
      <subfield code="y">FL</subfield>
      <subfield code="p">18-39723</subfield>
      <subfield code="i">18-39723</subfield>
      <subfield code="g">10</subfield>
      <subfield code="o">F628.4 T776t</subfield>
      <subfield code="e">Donación</subfield>
      <subfield code="8">CG</subfield>
    </datafield>
    <datafield tag="952" ind1=" " ind2=" ">
      <subfield code="a">BIB_RECT</subfield>
      <subfield code="b">SAT_GREG</subfield>
      <subfield code="d">2010-08-30</subfield>
      <subfield code="y">FL</subfield>
      <subfield code="p">18-39724</subfield>
      <subfield code="i">18-39724</subfield>
      <subfield code="g">10</subfield>
      <subfield code="o">F628.4 T776t</subfield>
      <subfield code="e">Donación</subfield>
      <subfield code="8">CG</subfield>
    </datafield>
    <datafield tag="952" ind1=" " ind2=" ">
      <subfield code="a">BIB_RECT</subfield>
      <subfield code="b">SAT_GREG</subfield>
      <subfield code="d">2013-03-19</subfield>
      <subfield code="y">FL</subfield>
      <subfield code="p">18-44334</subfield>
      <subfield code="i">18-44334</subfield>
      <subfield code="g">20</subfield>
      <subfield code="o">F628.4 T776t</subfield>
      <subfield code="e">Canje</subfield>
      <subfield code="8">CG</subfield>
    </datafield>
    <datafield tag="952" ind1=" " ind2=" ">
      <subfield code="a">BIB_RECT</subfield>
      <subfield code="b">SAT_GREG</subfield>
      <subfield code="d">2013-03-19</subfield>
      <subfield code="y">FL</subfield>
      <subfield code="p">18-44335</subfield>
      <subfield code="i">18-44335</subfield>
      <subfield code="g">20</subfield>
      <subfield code="o">F628.4 T776t</subfield>
      <subfield code="e">Canje</subfield>
      <subfield code="8">CG</subfield>
    </datafield>
    <datafield tag="952" ind1=" " ind2=" ">
      <subfield code="a">BIB_RECT</subfield>
      <subfield code="b">SAT_GREG</subfield>
      <subfield code="d">2013-03-19</subfield>
      <subfield code="y">FL</subfield>
      <subfield code="p">18-44336</subfield>
      <subfield code="i">18-44336</subfield>
      <subfield code="g">20</subfield>
      <subfield code="o">F628.4 T776t</subfield>
      <subfield code="e">Canje</subfield>
      <subfield code="8">CG</subfield>
    </datafield>
    <datafield tag="952" ind1=" " ind2=" ">
      <subfield code="a">BIB_RECT</subfield>
      <subfield code="b">SAT_USHU</subfield>
      <subfield code="d">2013-03-19</subfield>
      <subfield code="y">FL</subfield>
      <subfield code="p">19-44325</subfield>
      <subfield code="i">19-44325</subfield>
      <subfield code="g">20</subfield>
      <subfield code="o">F628.4 T776t</subfield>
      <subfield code="e">Canje</subfield>
      <subfield code="8">CG</subfield>
    </datafield>
    <datafield tag="952" ind1=" " ind2=" ">
      <subfield code="a">BIB_RECT</subfield>
      <subfield code="b">SAT_USHU</subfield>
      <subfield code="d">2013-03-19</subfield>
      <subfield code="y">FL</subfield>
      <subfield code="p">19-44326</subfield>
      <subfield code="i">19-44326</subfield>
      <subfield code="g">20</subfield>
      <subfield code="o">F628.4 T776t</subfield>
      <subfield code="e">Canje</subfield>
      <subfield code="8">CG</subfield>
    </datafield>
    <datafield tag="952" ind1=" " ind2=" ">
      <subfield code="a">BIB_RECT</subfield>
      <subfield code="b">SAT_USHU</subfield>
      <subfield code="d">2013-03-19</subfield>
      <subfield code="y">FL</subfield>
      <subfield code="p">19-44327</subfield>
      <subfield code="i">19-44327</subfield>
      <subfield code="g">20</subfield>
      <subfield code="o">F628.4 T776t</subfield>
      <subfield code="e">Canje</subfield>
      <subfield code="8">CG</subfield>
    </datafield>
  </record>