
  <record>
    <leader>01000aam  22002601a 4500</leader>
    <controlfield tag="001">YPZ93327</controlfield>
    <controlfield tag="003">YPZ</controlfield>
    <controlfield tag="005">201008311651080</controlfield>
    <controlfield tag="008">100831|###########||||||b||||||||||spa|d</controlfield>
    <datafield tag="040" ind1=" " ind2=" ">
      <subfield code="c">SIUNPA</subfield>
    </datafield>
    <datafield tag="041" ind1=" " ind2=" ">
      <subfield code="a">spa</subfield>
    </datafield>
    <datafield tag="044" ind1=" " ind2=" ">
      <subfield code="a">AR</subfield>
    </datafield>
    <datafield tag="080" ind1=" " ind2=" ">
      <subfield code="a">F572.9(828.8) F475h</subfield>
    </datafield>
    <datafield tag="100" ind1=" " ind2=" ">
      <subfield code="a">Figuerero Torres, María José.</subfield>
    </datafield>
    <datafield tag="700" ind1=" " ind2=" ">
      <subfield code="a">Chávez, Pamela Violeta.</subfield>
    </datafield>
    <datafield tag="700" ind1=" " ind2=" ">
      <subfield code="a">Falcomer, Danila.</subfield>
    </datafield>
    <datafield tag="110" ind1=" " ind2=" ">
      <subfield code="a">Los Antiguos (Santa Cruz). Municipalidad.</subfield>
    </datafield>
    <datafield tag="245" ind1=" " ind2=" ">
      <subfield code="a">Huellas de los antiguos</subfield>
      <subfield code="b"> : etnografía y arqueología del noroeste de Santa Cruz</subfield>
    </datafield>
    <datafield tag="260" ind1=" " ind2=" ">
      <subfield code="a">Los Antiguos</subfield>
      <subfield code="b"> : Municipalidad de Los Antiguos</subfield>
      <subfield code="b"> : Secretaría de Turismo</subfield>
      <subfield code="c"> , 2008</subfield>
    </datafield>
    <datafield tag="650" ind1=" " ind2=" ">
      <subfield code="a"> INDIGENAS</subfield>
    </datafield>
    <datafield tag="650" ind1=" " ind2=" ">
      <subfield code="a"> ETNOGRAFIA</subfield>
    </datafield>
    <datafield tag="650" ind1=" " ind2=" ">
      <subfield code="a"> REGION PATAGONICA</subfield>
    </datafield>
    <datafield tag="650" ind1=" " ind2=" ">
      <subfield code="a"> SANTA CRUZ (ARGENTINA)</subfield>
    </datafield>
    <datafield tag="942" ind1=" " ind2=" ">
      <subfield code="c">FL</subfield>
    </datafield>
    <datafield tag="952" ind1=" " ind2=" ">
      <subfield code="a">BIB_RECT</subfield>
      <subfield code="b">BIB_UARG</subfield>
      <subfield code="d">2010-08-30</subfield>
      <subfield code="y">FL</subfield>
      <subfield code="p">05-39729</subfield>
      <subfield code="i">05-39729</subfield>
      <subfield code="g">8</subfield>
      <subfield code="o">F572.9(828.8) F475h</subfield>
      <subfield code="e">Valenzuela, Emilio</subfield>
      <subfield code="8">CG</subfield>
    </datafield>
    <datafield tag="952" ind1=" " ind2=" ">
      <subfield code="a">BIB_RECT</subfield>
      <subfield code="b">BIB_UARG</subfield>
      <subfield code="d">2010-08-30</subfield>
      <subfield code="y">FL</subfield>
      <subfield code="p">05-39730</subfield>
      <subfield code="i">05-39730</subfield>
      <subfield code="g">8</subfield>
      <subfield code="o">F572.9(828.8) F475h</subfield>
      <subfield code="e">Valenzuela, Emilio</subfield>
      <subfield code="8">CG</subfield>
    </datafield>
    <datafield tag="952" ind1=" " ind2=" ">
      <subfield code="a">BIB_RECT</subfield>
      <subfield code="b">BIB_UARG</subfield>
      <subfield code="d">2010-08-30</subfield>
      <subfield code="y">FL</subfield>
      <subfield code="p">05-39731</subfield>
      <subfield code="i">05-39731</subfield>
      <subfield code="g">8</subfield>
      <subfield code="o">F572.9(828.8) F475h</subfield>
      <subfield code="e">Valenzuela, Emilio</subfield>
      <subfield code="8">CG</subfield>
    </datafield>
    <datafield tag="952" ind1=" " ind2=" ">
      <subfield code="a">BIB_RECT</subfield>
      <subfield code="b">BIB_UARG</subfield>
      <subfield code="d">2010-08-30</subfield>
      <subfield code="y">FL</subfield>
      <subfield code="p">05-39732</subfield>
      <subfield code="i">05-39732</subfield>
      <subfield code="g">8</subfield>
      <subfield code="o">F572.9(828.8) F475h</subfield>
      <subfield code="e">Valenzuela, Emilio</subfield>
      <subfield code="8">CG</subfield>
    </datafield>
    <datafield tag="952" ind1=" " ind2=" ">
      <subfield code="a">BIB_RECT</subfield>
      <subfield code="b">BIB_UARG</subfield>
      <subfield code="d">2010-08-30</subfield>
      <subfield code="y">FL</subfield>
      <subfield code="p">05-39733</subfield>
      <subfield code="i">05-39733</subfield>
      <subfield code="g">8</subfield>
      <subfield code="o">F572.9(828.8) F475h</subfield>
      <subfield code="e">Valenzuela, Emilio</subfield>
      <subfield code="8">CG</subfield>
    </datafield>
    <datafield tag="952" ind1=" " ind2=" ">
      <subfield code="a">BIB_RECT</subfield>
      <subfield code="b">BIB_UARG</subfield>
      <subfield code="d">2016-04-26</subfield>
      <subfield code="y">FL</subfield>
      <subfield code="p">05-47889</subfield>
      <subfield code="i">05-47889</subfield>
      <subfield code="g">50</subfield>
      <subfield code="o">F572.9(828.8) F475h</subfield>
      <subfield code="e">Municipalidad. Los Antiguos</subfield>
      <subfield code="8">CG</subfield>
    </datafield>
  </record>