
  <record>
    <leader>01000aam  22002601a 4500</leader>
    <controlfield tag="001">YPZ93416</controlfield>
    <controlfield tag="003">YPZ</controlfield>
    <controlfield tag="005">201009200915240</controlfield>
    <controlfield tag="008">100920|###########||||||b||||||||||spa|d</controlfield>
    <datafield tag="020" ind1=" " ind2=" ">
      <subfield code="a">9875030317 (v.1)</subfield>
    </datafield>
    <datafield tag="020" ind1=" " ind2=" ">
      <subfield code="a">9875030309 (v.2)</subfield>
    </datafield>
    <datafield tag="020" ind1=" " ind2=" ">
      <subfield code="a">9875030368 (v.2)</subfield>
    </datafield>
    <datafield tag="020" ind1=" " ind2=" ">
      <subfield code="a">9875030317 (v.5)</subfield>
    </datafield>
    <datafield tag="020" ind1=" " ind2=" ">
      <subfield code="a">9875030333 (v.4)</subfield>
    </datafield>
    <datafield tag="020" ind1=" " ind2=" ">
      <subfield code="a">987503034X (v.6)</subfield>
    </datafield>
    <datafield tag="020" ind1=" " ind2=" ">
      <subfield code="a">9875030333 (v.8)</subfield>
    </datafield>
    <datafield tag="020" ind1=" " ind2=" ">
      <subfield code="a">9875030392 (v.10)</subfield>
    </datafield>
    <datafield tag="020" ind1=" " ind2=" ">
      <subfield code="a">9875030414 (v.1112)</subfield>
    </datafield>
    <datafield tag="020" ind1=" " ind2=" ">
      <subfield code="a">9875030643 (v.15)</subfield>
    </datafield>
    <datafield tag="040" ind1=" " ind2=" ">
      <subfield code="c">SIUNPA</subfield>
    </datafield>
    <datafield tag="041" ind1=" " ind2=" ">
      <subfield code="a">spa</subfield>
    </datafield>
    <datafield tag="044" ind1=" " ind2=" ">
      <subfield code="a">AR</subfield>
    </datafield>
    <datafield tag="080" ind1=" " ind2=" ">
      <subfield code="a">F94(82) M779h</subfield>
    </datafield>
    <datafield tag="100" ind1=" " ind2=" ">
      <subfield code="a">Montes, Graciela.</subfield>
    </datafield>
    <datafield tag="245" ind1=" " ind2=" ">
      <subfield code="a">Una historia argentina</subfield>
      <subfield code="c"> / Bertoni, Lilia Ana, informe original ; Romero, Luis Alberto, informe original ; Paz, Daniel, il.</subfield>
    </datafield>
    <datafield tag="260" ind1=" " ind2=" ">
      <subfield code="a">Buenos Aires</subfield>
      <subfield code="b"> : La Página</subfield>
      <subfield code="c"> , [1997]</subfield>
    </datafield>
    <datafield tag="500" ind1=" " ind2=" ">
      <subfield code="a">En cub.: (para los que quieren saber de qué se trata)</subfield>
    </datafield>
    <datafield tag="505" ind1=" " ind2=" ">
      <subfield code="a">Contenido: v. 1. Así empezó nuestra historia -- v. 2. Llegaron los españoles -- v.3. Cuando fuimos virreinato -- v.4. ¿Qué pasó el 25 de mayo? -- v.5. Los tiempos de San Martín -- v.6. Los tiempos de Rivadavia -- V. 8. La Argentina se organiza -- v. 9. Los tiempos de los inmigrantes -- v. 10. Los tiempos de Yrigoyen -- v.11-12. Los tiempos de Perón -- v. 15. Cronología I [1418-1839]</subfield>
    </datafield>
    <datafield tag="650" ind1=" " ind2=" ">
      <subfield code="a"> HISTORIA ARGENTINA</subfield>
    </datafield>
    <datafield tag="650" ind1=" " ind2=" ">
      <subfield code="a"> LITERATURA INFANTIL</subfield>
    </datafield>
    <datafield tag="650" ind1=" " ind2=" ">
      <subfield code="a"> ENSEÑANZA DE LA HISTORIA</subfield>
    </datafield>
    <datafield tag="942" ind1=" " ind2=" ">
      <subfield code="c">FL</subfield>
    </datafield>
    <datafield tag="952" ind1=" " ind2=" ">
      <subfield code="a">BIB_RECT</subfield>
      <subfield code="b">BIB_UARG</subfield>
      <subfield code="d">2010-09-13</subfield>
      <subfield code="y">FL</subfield>
      <subfield code="p">05-16720</subfield>
      <subfield code="i">05-16720</subfield>
      <subfield code="g">15</subfield>
      <subfield code="o">F94(82) M779h</subfield>
      <subfield code="e">PIUARG 29A/015</subfield>
      <subfield code="8">CG</subfield>
    </datafield>
    <datafield tag="952" ind1=" " ind2=" ">
      <subfield code="a">BIB_RECT</subfield>
      <subfield code="b">BIB_UARG</subfield>
      <subfield code="d">2010-09-13</subfield>
      <subfield code="y">FL</subfield>
      <subfield code="p">05-16721</subfield>
      <subfield code="i">05-16721</subfield>
      <subfield code="g">15</subfield>
      <subfield code="o">F94(82) M779h</subfield>
      <subfield code="e">PIUARG 29A/015</subfield>
      <subfield code="8">CG</subfield>
    </datafield>
    <datafield tag="952" ind1=" " ind2=" ">
      <subfield code="a">BIB_RECT</subfield>
      <subfield code="b">BIB_UARG</subfield>
      <subfield code="d">2010-09-13</subfield>
      <subfield code="y">FL</subfield>
      <subfield code="p">05-16727</subfield>
      <subfield code="i">05-16727</subfield>
      <subfield code="g">15</subfield>
      <subfield code="o">F94(82) M779h</subfield>
      <subfield code="e">PIUARG 29/A015</subfield>
      <subfield code="8">CG</subfield>
    </datafield>
    <datafield tag="952" ind1=" " ind2=" ">
      <subfield code="a">BIB_RECT</subfield>
      <subfield code="b">BIB_UARG</subfield>
      <subfield code="d">2010-09-13</subfield>
      <subfield code="y">FL</subfield>
      <subfield code="p">05-16728</subfield>
      <subfield code="i">05-16728</subfield>
      <subfield code="g">15</subfield>
      <subfield code="o">F94(82) M779h</subfield>
      <subfield code="e">PIUARG 29A/015</subfield>
      <subfield code="8">CG</subfield>
    </datafield>
    <datafield tag="952" ind1=" " ind2=" ">
      <subfield code="a">BIB_RECT</subfield>
      <subfield code="b">BIB_UARG</subfield>
      <subfield code="d">2010-09-10</subfield>
      <subfield code="y">FL</subfield>
      <subfield code="p">05-16733</subfield>
      <subfield code="i">05-16733</subfield>
      <subfield code="g">15</subfield>
      <subfield code="o">F94(82) M779h</subfield>
      <subfield code="e">PIUARG-29/AO15</subfield>
      <subfield code="8">CG</subfield>
    </datafield>
    <datafield tag="952" ind1=" " ind2=" ">
      <subfield code="a">BIB_RECT</subfield>
      <subfield code="b">BIB_UARG</subfield>
      <subfield code="d">2010-09-13</subfield>
      <subfield code="y">FL</subfield>
      <subfield code="p">05-16734</subfield>
      <subfield code="i">05-16734</subfield>
      <subfield code="g">15</subfield>
      <subfield code="o">F94(82) M779h</subfield>
      <subfield code="e">PIUARG-29/AO15</subfield>
      <subfield code="8">CG</subfield>
    </datafield>
    <datafield tag="952" ind1=" " ind2=" ">
      <subfield code="a">BIB_RECT</subfield>
      <subfield code="b">BIB_UARG</subfield>
      <subfield code="d">2010-09-13</subfield>
      <subfield code="y">FL</subfield>
      <subfield code="p">05-16735</subfield>
      <subfield code="i">05-16735</subfield>
      <subfield code="g">15</subfield>
      <subfield code="o">F94(82) M779h</subfield>
      <subfield code="e">PI 29/A015</subfield>
      <subfield code="8">CG</subfield>
    </datafield>
    <datafield tag="952" ind1=" " ind2=" ">
      <subfield code="a">BIB_RECT</subfield>
      <subfield code="b">BIB_UARG</subfield>
      <subfield code="d">2010-09-13</subfield>
      <subfield code="y">FL</subfield>
      <subfield code="p">05-16736</subfield>
      <subfield code="i">05-16736</subfield>
      <subfield code="g">15</subfield>
      <subfield code="o">F94(82) M779h</subfield>
      <subfield code="e">PIUARG-29/AO15</subfield>
      <subfield code="8">CG</subfield>
    </datafield>
    <datafield tag="952" ind1=" " ind2=" ">
      <subfield code="a">BIB_RECT</subfield>
      <subfield code="b">BIB_UARG</subfield>
      <subfield code="d">2010-09-13</subfield>
      <subfield code="y">FL</subfield>
      <subfield code="p">05-16737</subfield>
      <subfield code="i">05-16737</subfield>
      <subfield code="g">15</subfield>
      <subfield code="o">F94(82) M779h</subfield>
      <subfield code="e">PIUARG 29A/015</subfield>
      <subfield code="8">CG</subfield>
    </datafield>
    <datafield tag="952" ind1=" " ind2=" ">
      <subfield code="a">BIB_RECT</subfield>
      <subfield code="b">BIB_UARG</subfield>
      <subfield code="d">2010-09-13</subfield>
      <subfield code="y">FL</subfield>
      <subfield code="p">05-16738</subfield>
      <subfield code="i">05-16738</subfield>
      <subfield code="g">15</subfield>
      <subfield code="o">F94(82) M779h</subfield>
      <subfield code="e">PI 29/A015</subfield>
      <subfield code="8">CG</subfield>
    </datafield>
    <datafield tag="952" ind1=" " ind2=" ">
      <subfield code="a">BIB_RECT</subfield>
      <subfield code="b">BIB_UARG</subfield>
      <subfield code="d">2010-09-13</subfield>
      <subfield code="y">FL</subfield>
      <subfield code="p">05-16739</subfield>
      <subfield code="i">05-16739</subfield>
      <subfield code="g">15</subfield>
      <subfield code="o">F94(82) M779h</subfield>
      <subfield code="e">PIUARG-29/AO15</subfield>
      <subfield code="8">CG</subfield>
    </datafield>
    <datafield tag="952" ind1=" " ind2=" ">
      <subfield code="a">BIB_RECT</subfield>
      <subfield code="b">BIB_UARG</subfield>
      <subfield code="d">2010-09-13</subfield>
      <subfield code="y">FL</subfield>
      <subfield code="p">05-16902</subfield>
      <subfield code="i">05-16902</subfield>
      <subfield code="g">15</subfield>
      <subfield code="o">F94(82) M779h</subfield>
      <subfield code="e">Donación</subfield>
      <subfield code="8">CG</subfield>
    </datafield>
  </record>