
  <record>
    <leader>01000aam  22002601a 4500</leader>
    <controlfield tag="001">YPZ93739</controlfield>
    <controlfield tag="003">YPZ</controlfield>
    <controlfield tag="005">201102101442000</controlfield>
    <controlfield tag="008">110210|###########||||||b||||||||||spa|d</controlfield>
    <datafield tag="040" ind1=" " ind2=" ">
      <subfield code="c">SIUNPA</subfield>
    </datafield>
    <datafield tag="041" ind1=" " ind2=" ">
      <subfield code="a">spa</subfield>
    </datafield>
    <datafield tag="044" ind1=" " ind2=" ">
      <subfield code="a">AR</subfield>
    </datafield>
    <datafield tag="080" ind1=" " ind2=" ">
      <subfield code="a">F94(823.2) P798o</subfield>
    </datafield>
    <datafield tag="100" ind1=" " ind2=" ">
      <subfield code="a">Pons, Emilse.</subfield>
    </datafield>
    <datafield tag="245" ind1=" " ind2=" ">
      <subfield code="a">El onganiato cordobés</subfield>
      <subfield code="b"> : de Martínez Zubiría a Ferrer Deheza (1966-1967)</subfield>
    </datafield>
    <datafield tag="260" ind1=" " ind2=" ">
      <subfield code="a">Córdoba</subfield>
      <subfield code="b"> : Maestría en Partidos Políticos y del Archivo de la Palabra, Universidad Nacional de Córdoba</subfield>
      <subfield code="c"> , 2005</subfield>
    </datafield>
    <datafield tag="440" ind1=" " ind2=" ">
      <subfield code="a">Colección voces y argumentos. Documentos de trabajo</subfield>
      <subfield code="v">no. 8</subfield>
    </datafield>
    <datafield tag="490" ind1=" " ind2=" ">
      <subfield code="a">Colección voces y argumentos. Documentos de trabajo</subfield>
      <subfield code="v">no. 8</subfield>
    </datafield>
    <datafield tag="650" ind1=" " ind2=" ">
      <subfield code="a"> HISTORIA DE CORDOBA (ARGENTINA)</subfield>
    </datafield>
    <datafield tag="650" ind1=" " ind2=" ">
      <subfield code="a"> GOBIERNO MILITAR</subfield>
    </datafield>
    <datafield tag="650" ind1=" " ind2=" ">
      <subfield code="a"> SIGLO XX</subfield>
    </datafield>
    <datafield tag="650" ind1=" " ind2=" ">
      <subfield code="a"> MARTINEZ ZUVIRIA, GUSTAVO</subfield>
    </datafield>
    <datafield tag="650" ind1=" " ind2=" ">
      <subfield code="a"> FERRER DEHEZA, MIGUEL ANGEL (1915</subfield>
    </datafield>
    <datafield tag="650" ind1=" " ind2=" ">
      <subfield code="a">1989)</subfield>
    </datafield>
    <datafield tag="942" ind1=" " ind2=" ">
      <subfield code="c">FL</subfield>
    </datafield>
    <datafield tag="952" ind1=" " ind2=" ">
      <subfield code="a">BIB_RECT</subfield>
      <subfield code="b">BIB_UARG</subfield>
      <subfield code="d">2011-02-10</subfield>
      <subfield code="y">FL</subfield>
      <subfield code="p">05-40441</subfield>
      <subfield code="i">05-40441</subfield>
      <subfield code="g">22</subfield>
      <subfield code="o">F94(823.2) P798o</subfield>
      <subfield code="e">Centro de Estudios Avanzados UNC/10</subfield>
      <subfield code="8">CG</subfield>
    </datafield>
  </record>