
  <record>
    <leader>01000aam  22002601a 4500</leader>
    <controlfield tag="001">YPZ93761</controlfield>
    <controlfield tag="003">YPZ</controlfield>
    <controlfield tag="005">201102141906450</controlfield>
    <controlfield tag="008">110214|###########||||||b||||||||||spa|d</controlfield>
    <datafield tag="040" ind1=" " ind2=" ">
      <subfield code="c">SIUNPA</subfield>
    </datafield>
    <datafield tag="041" ind1=" " ind2=" ">
      <subfield code="a">spa</subfield>
    </datafield>
    <datafield tag="044" ind1=" " ind2=" ">
      <subfield code="a">BO</subfield>
    </datafield>
    <datafield tag="080" ind1=" " ind2=" ">
      <subfield code="a">F551.583 C748m</subfield>
    </datafield>
    <datafield tag="110" ind1=" " ind2=" ">
      <subfield code="a">Conferencia Mundial de Pueblos sobre el Cambio Climático y los Derechos de la Madre Tierra (2010 : Cochabamba, Bolivia).</subfield>
    </datafield>
    <datafield tag="245" ind1=" " ind2=" ">
      <subfield code="a">Causas del cambio climático y consecuencias sobre las poblaciones de América Latina</subfield>
      <subfield code="b"> : ¡cambiemos el sistema, no el clima!</subfield>
    </datafield>
    <datafield tag="250" ind1=" " ind2=" ">
      <subfield code="a">1a ed.</subfield>
    </datafield>
    <datafield tag="260" ind1=" " ind2=" ">
      <subfield code="a">La Paz</subfield>
      <subfield code="b"> : PIDHDD, Plataforma Interamericana de Derechos Humanos Democracia y Desarrollo</subfield>
      <subfield code="b"> : Grupo de Trabajo sobre Migraciones, GTM</subfield>
      <subfield code="c"> , 2010</subfield>
    </datafield>
    <datafield tag="650" ind1=" " ind2=" ">
      <subfield code="a"> CAMBIO CLIMATICO</subfield>
    </datafield>
    <datafield tag="650" ind1=" " ind2=" ">
      <subfield code="a"> AMERICA LATINA</subfield>
    </datafield>
    <datafield tag="942" ind1=" " ind2=" ">
      <subfield code="c">FL</subfield>
    </datafield>
    <datafield tag="952" ind1=" " ind2=" ">
      <subfield code="a">BIB_RECT</subfield>
      <subfield code="b">BIB_UARG</subfield>
      <subfield code="d">2011-02-14</subfield>
      <subfield code="y">FL</subfield>
      <subfield code="p">05-40464</subfield>
      <subfield code="i">05-40464</subfield>
      <subfield code="g">18</subfield>
      <subfield code="o">F551.583 C748m</subfield>
      <subfield code="e">Marucco, Alberto/10</subfield>
      <subfield code="8">CG</subfield>
    </datafield>
  </record>