
  <record>
    <leader>01000aam  22002601a 4500</leader>
    <controlfield tag="001">YPZ93763</controlfield>
    <controlfield tag="003">YPZ</controlfield>
    <controlfield tag="005">201102151556150</controlfield>
    <controlfield tag="008">110215|###########||||||b||||||||||spa|d</controlfield>
    <datafield tag="020" ind1=" " ind2=" ">
      <subfield code="a">9789995321581</subfield>
    </datafield>
    <datafield tag="040" ind1=" " ind2=" ">
      <subfield code="c">SIUNPA</subfield>
    </datafield>
    <datafield tag="041" ind1=" " ind2=" ">
      <subfield code="a">spa</subfield>
    </datafield>
    <datafield tag="044" ind1=" " ind2=" ">
      <subfield code="a">PY</subfield>
    </datafield>
    <datafield tag="080" ind1=" " ind2=" ">
      <subfield code="a">F342.7 V713p</subfield>
    </datafield>
    <datafield tag="100" ind1=" " ind2=" ">
      <subfield code="a">Villagra, Soledad.</subfield>
    </datafield>
    <datafield tag="245" ind1=" " ind2=" ">
      <subfield code="a">Protocolo Facultativo del PIDESC</subfield>
      <subfield code="b"> : una herramienta para exigir los DESC</subfield>
    </datafield>
    <datafield tag="260" ind1=" " ind2=" ">
      <subfield code="a">Asunción</subfield>
      <subfield code="b"> : PIDHDD, Plataforma Interamericana de Derechos Humanos Democracia y Desarrollo</subfield>
      <subfield code="b"> : Grupo de Trabajo sobre Migraciones, GTM</subfield>
      <subfield code="c"> , 2008</subfield>
    </datafield>
    <datafield tag="650" ind1=" " ind2=" ">
      <subfield code="a"> DERECHOS HUMANOS DERECHOS SOCIALES Y ECONONOMICOS</subfield>
    </datafield>
    <datafield tag="650" ind1=" " ind2=" ">
      <subfield code="a"> DIPLOMACIA </subfield>
    </datafield>
    <datafield tag="650" ind1=" " ind2=" ">
      <subfield code="a"> DERECHOS DEL CIUDADANO</subfield>
    </datafield>
    <datafield tag="650" ind1=" " ind2=" ">
      <subfield code="a"> DERECHOS CULTURALES</subfield>
    </datafield>
    <datafield tag="942" ind1=" " ind2=" ">
      <subfield code="c">FL</subfield>
    </datafield>
    <datafield tag="952" ind1=" " ind2=" ">
      <subfield code="a">BIB_RECT</subfield>
      <subfield code="b">BIB_UARG</subfield>
      <subfield code="d">2011-02-15</subfield>
      <subfield code="y">FL</subfield>
      <subfield code="p">05-40448</subfield>
      <subfield code="i">05-40448</subfield>
      <subfield code="g">25</subfield>
      <subfield code="o">F342.7 V713p</subfield>
      <subfield code="e">Marucco, Alberto/10</subfield>
      <subfield code="8">CG</subfield>
    </datafield>
    <datafield tag="952" ind1=" " ind2=" ">
      <subfield code="a">BIB_RECT</subfield>
      <subfield code="b">BIB_UARG</subfield>
      <subfield code="d">2011-02-15</subfield>
      <subfield code="y">FL</subfield>
      <subfield code="p">05-40449</subfield>
      <subfield code="i">05-40449</subfield>
      <subfield code="g">25</subfield>
      <subfield code="o">F342.7 V713p</subfield>
      <subfield code="e">Marucco, Alberto/10</subfield>
      <subfield code="8">CG</subfield>
    </datafield>
  </record>