
  <record>
    <leader>01000aam  22002601a 4500</leader>
    <controlfield tag="001">YPZ93878</controlfield>
    <controlfield tag="003">YPZ</controlfield>
    <controlfield tag="005">201103291525110</controlfield>
    <controlfield tag="008">110329|###########||||||b||||||||||spa|d</controlfield>
    <datafield tag="040" ind1=" " ind2=" ">
      <subfield code="c">SIUNPA</subfield>
    </datafield>
    <datafield tag="041" ind1=" " ind2=" ">
      <subfield code="a">spa</subfield>
    </datafield>
    <datafield tag="044" ind1=" " ind2=" ">
      <subfield code="a">AR</subfield>
    </datafield>
    <datafield tag="080" ind1=" " ind2=" ">
      <subfield code="a">336.77 G943g</subfield>
    </datafield>
    <datafield tag="110" ind1=" " ind2=" ">
      <subfield code="a">Argentina. Secretaría de Ambiente y Desarrollo Sustentable. Dirección de Conservacíón del Suelo y Lucha contra la Desertificación.</subfield>
    </datafield>
    <datafield tag="245" ind1=" " ind2=" ">
      <subfield code="a">Guía práctica para crear y administrar un fondo rotario para la lucha contra la desertificación, la sequía y la pobreza</subfield>
    </datafield>
    <datafield tag="260" ind1=" " ind2=" ">
      <subfield code="a">Buenos Aires</subfield>
      <subfield code="b"> : Dirección de Conservacíón del Suelo y Lucha contra la Desertificación</subfield>
      <subfield code="c"> , 2009</subfield>
    </datafield>
    <datafield tag="500" ind1=" " ind2=" ">
      <subfield code="a">Proyecto Construcción de Alianzas Estratégicas Financieras para la Consolidación del PAN Argentina (PNUD AR 06/008)</subfield>
    </datafield>
    <datafield tag="650" ind1=" " ind2=" ">
      <subfield code="a"> MICROCREDITO</subfield>
    </datafield>
    <datafield tag="650" ind1=" " ind2=" ">
      <subfield code="a"> LUCHA CONTRA LA DESERTIFICACION</subfield>
    </datafield>
    <datafield tag="650" ind1=" " ind2=" ">
      <subfield code="a"> FONDO ROTARIO</subfield>
    </datafield>
    <datafield tag="650" ind1=" " ind2=" ">
      <subfield code="a"> ARGENTINA</subfield>
    </datafield>
    <datafield tag="942" ind1=" " ind2=" ">
      <subfield code="c">FL</subfield>
    </datafield>
    <datafield tag="952" ind1=" " ind2=" ">
      <subfield code="a">BIB_RECT</subfield>
      <subfield code="b">BIB_UARG</subfield>
      <subfield code="d">2011-03-29</subfield>
      <subfield code="y">FL</subfield>
      <subfield code="p">05-40629</subfield>
      <subfield code="i">05-40629</subfield>
      <subfield code="g">20</subfield>
      <subfield code="o">336.77 G943g</subfield>
      <subfield code="e">SecIP/2011</subfield>
      <subfield code="8">CG</subfield>
    </datafield>
  </record>