
  <record>
    <leader>01000aam  22002601a 4500</leader>
    <controlfield tag="001">YPZ93899</controlfield>
    <controlfield tag="003">YPZ</controlfield>
    <controlfield tag="005">201104051850060</controlfield>
    <controlfield tag="008">110405|###########||||||b||||||||||spa|d</controlfield>
    <datafield tag="040" ind1=" " ind2=" ">
      <subfield code="c">SIUNPA</subfield>
    </datafield>
    <datafield tag="041" ind1=" " ind2=" ">
      <subfield code="a">spa</subfield>
    </datafield>
    <datafield tag="044" ind1=" " ind2=" ">
      <subfield code="a">UK</subfield>
    </datafield>
    <datafield tag="080" ind1=" " ind2=" ">
      <subfield code="a">F616.523 W873h</subfield>
    </datafield>
    <datafield tag="100" ind1=" " ind2=" ">
      <subfield code="a">Wood, Martin J..</subfield>
    </datafield>
    <datafield tag="700" ind1=" " ind2=" ">
      <subfield code="a">Easterbrook, Philippa J..</subfield>
    </datafield>
    <datafield tag="245" ind1=" " ind2=" ">
      <subfield code="a">Herpes Zoster</subfield>
    </datafield>
    <datafield tag="260" ind1=" " ind2=" ">
      <subfield code="a">Londres</subfield>
      <subfield code="b"> : Science Press</subfield>
      <subfield code="c"> , 1995</subfield>
    </datafield>
    <datafield tag="650" ind1=" " ind2=" ">
      <subfield code="a"> ENFERMEDADES PRODUCIDAS POR VIRUS</subfield>
    </datafield>
    <datafield tag="650" ind1=" " ind2=" ">
      <subfield code="a"> HERPES ZOSTER</subfield>
    </datafield>
    <datafield tag="942" ind1=" " ind2=" ">
      <subfield code="c">FL</subfield>
    </datafield>
    <datafield tag="952" ind1=" " ind2=" ">
      <subfield code="a">BIB_RECT</subfield>
      <subfield code="b">BIB_UARG</subfield>
      <subfield code="d">2011-04-05</subfield>
      <subfield code="y">FL</subfield>
      <subfield code="p">05-40645</subfield>
      <subfield code="i">05-40645</subfield>
      <subfield code="g">15</subfield>
      <subfield code="o">F616.523 W873h</subfield>
      <subfield code="e">Donación Dr. Cucchirelli, Dino R.</subfield>
      <subfield code="8">CG</subfield>
    </datafield>
  </record>