
  <record>
    <leader>01000aam  22002601a 4500</leader>
    <controlfield tag="001">YPZ94258</controlfield>
    <controlfield tag="003">YPZ</controlfield>
    <controlfield tag="005">201108101548140</controlfield>
    <controlfield tag="008">110810|###########||||||b||||||||||spa|d</controlfield>
    <datafield tag="040" ind1=" " ind2=" ">
      <subfield code="c">SIUNPA</subfield>
    </datafield>
    <datafield tag="041" ind1=" " ind2=" ">
      <subfield code="a">spa</subfield>
    </datafield>
    <datafield tag="044" ind1=" " ind2=" ">
      <subfield code="a">AR</subfield>
    </datafield>
    <datafield tag="080" ind1=" " ind2=" ">
      <subfield code="a">F821.134.2(82) G643a</subfield>
    </datafield>
    <datafield tag="245" ind1=" " ind2=" ">
      <subfield code="a">Antología de un hombre en el destierro</subfield>
    </datafield>
    <datafield tag="260" ind1=" " ind2=" ">
      <subfield code="a">Mar del Plata</subfield>
      <subfield code="b"> : Universidad Nacional de Mar del Plata</subfield>
      <subfield code="c"> , [1996?]</subfield>
    </datafield>
    <datafield tag="500" ind1=" " ind2=" ">
      <subfield code="a">Primer premio Narrativa Certamen de Escritura e Investigación sobre los Derechos Humanos, Universidad Nacional de Mar del Plata 1996</subfield>
    </datafield>
    <datafield tag="500" ind1=" " ind2=" ">
      <subfield code="a">En portada: En homenaje a los estudiantes y docentes desaparecidos durante la dictadura militar en la Argentina</subfield>
    </datafield>
    <datafield tag="650" ind1=" " ind2=" ">
      <subfield code="a"> LITERATURA ARGENTINA</subfield>
    </datafield>
    <datafield tag="650" ind1=" " ind2=" ">
      <subfield code="a"> CUENTO</subfield>
    </datafield>
    <datafield tag="942" ind1=" " ind2=" ">
      <subfield code="c">FL</subfield>
    </datafield>
    <datafield tag="952" ind1=" " ind2=" ">
      <subfield code="a">BIB_RECT</subfield>
      <subfield code="b">BIB_UARG</subfield>
      <subfield code="d">2011-08-10</subfield>
      <subfield code="y">FL</subfield>
      <subfield code="p">05-41228</subfield>
      <subfield code="i">05-41228</subfield>
      <subfield code="g">15</subfield>
      <subfield code="o">F821.134.2(82) G643a</subfield>
      <subfield code="e">Don Prof. Jaremchuck, Daniel/10</subfield>
      <subfield code="8">CG</subfield>
    </datafield>
  </record>