
  <record>
    <leader>01000aam  22002601a 4500</leader>
    <controlfield tag="001">YPZ94570</controlfield>
    <controlfield tag="003">YPZ</controlfield>
    <controlfield tag="005">201111011426560</controlfield>
    <controlfield tag="008">111101|###########||||||b||||||||||spa|d</controlfield>
    <datafield tag="040" ind1=" " ind2=" ">
      <subfield code="c">SIUNPA</subfield>
    </datafield>
    <datafield tag="041" ind1=" " ind2=" ">
      <subfield code="a">spa</subfield>
    </datafield>
    <datafield tag="044" ind1=" " ind2=" ">
      <subfield code="a">AR</subfield>
    </datafield>
    <datafield tag="080" ind1=" " ind2=" ">
      <subfield code="a">F37(82) A691e 2010</subfield>
    </datafield>
    <datafield tag="110" ind1=" " ind2=" ">
      <subfield code="a">Argentina. Ministerio de Educación. Dirección Nacional de Información y Evaluación de la Calidad Educativa, DINIECE.</subfield>
    </datafield>
    <datafield tag="245" ind1=" " ind2=" ">
      <subfield code="a">La educación argentina en cifras</subfield>
      <subfield code="b"> : 2010</subfield>
    </datafield>
    <datafield tag="260" ind1=" " ind2=" ">
      <subfield code="a">Buenos Aires</subfield>
      <subfield code="b"> : Ministerio de Educación</subfield>
      <subfield code="c"> , 2011</subfield>
    </datafield>
    <datafield tag="650" ind1=" " ind2=" ">
      <subfield code="a"> ESTADISTICA EDUCACIONAL</subfield>
    </datafield>
    <datafield tag="650" ind1=" " ind2=" ">
      <subfield code="a"> ARGENTINA</subfield>
    </datafield>
    <datafield tag="942" ind1=" " ind2=" ">
      <subfield code="c">FL</subfield>
    </datafield>
    <datafield tag="952" ind1=" " ind2=" ">
      <subfield code="a">BIB_RECT</subfield>
      <subfield code="b">BIB_UASJ</subfield>
      <subfield code="d">2011-11-01</subfield>
      <subfield code="y">FL</subfield>
      <subfield code="p">04-41731</subfield>
      <subfield code="i">04-41731</subfield>
      <subfield code="g">10</subfield>
      <subfield code="o">F37(82) A691e 2010</subfield>
      <subfield code="e">Donación</subfield>
      <subfield code="8">CG</subfield>
    </datafield>
    <datafield tag="952" ind1=" " ind2=" ">
      <subfield code="a">BIB_RECT</subfield>
      <subfield code="b">BIB_UASJ</subfield>
      <subfield code="d">2011-11-01</subfield>
      <subfield code="y">FL</subfield>
      <subfield code="p">04-41732</subfield>
      <subfield code="i">04-41732</subfield>
      <subfield code="g">10</subfield>
      <subfield code="o">F37(82) A691e 2010</subfield>
      <subfield code="e">Donación</subfield>
      <subfield code="8">CG</subfield>
    </datafield>
    <datafield tag="952" ind1=" " ind2=" ">
      <subfield code="a">BIB_RECT</subfield>
      <subfield code="b">BIB_UASJ</subfield>
      <subfield code="d">2011-11-01</subfield>
      <subfield code="y">FL</subfield>
      <subfield code="p">04-41733</subfield>
      <subfield code="i">04-41733</subfield>
      <subfield code="g">10</subfield>
      <subfield code="o">F37(82) A691e 2010</subfield>
      <subfield code="e">Donación</subfield>
      <subfield code="8">CG</subfield>
    </datafield>
    <datafield tag="952" ind1=" " ind2=" ">
      <subfield code="a">BIB_RECT</subfield>
      <subfield code="b">BIB_UASJ</subfield>
      <subfield code="d">2011-11-01</subfield>
      <subfield code="y">FL</subfield>
      <subfield code="p">04-41734</subfield>
      <subfield code="i">04-41734</subfield>
      <subfield code="g">10</subfield>
      <subfield code="o">F37(82) A691e 2010</subfield>
      <subfield code="e">Donación</subfield>
      <subfield code="8">CG</subfield>
    </datafield>
    <datafield tag="952" ind1=" " ind2=" ">
      <subfield code="a">BIB_RECT</subfield>
      <subfield code="b">BIB_UASJ</subfield>
      <subfield code="d">2011-11-01</subfield>
      <subfield code="y">FL</subfield>
      <subfield code="p">04-41735</subfield>
      <subfield code="i">04-41735</subfield>
      <subfield code="g">10</subfield>
      <subfield code="o">F37(82) A691e 2010</subfield>
      <subfield code="e">Donación</subfield>
      <subfield code="8">CG</subfield>
    </datafield>
    <datafield tag="952" ind1=" " ind2=" ">
      <subfield code="a">BIB_RECT</subfield>
      <subfield code="b">BIB_UASJ</subfield>
      <subfield code="d">2011-11-01</subfield>
      <subfield code="y">FL</subfield>
      <subfield code="p">04-41736</subfield>
      <subfield code="i">04-41736</subfield>
      <subfield code="g">10</subfield>
      <subfield code="o">F37(82) A691e 2010</subfield>
      <subfield code="e">Donación</subfield>
      <subfield code="8">CG</subfield>
    </datafield>
    <datafield tag="952" ind1=" " ind2=" ">
      <subfield code="a">BIB_RECT</subfield>
      <subfield code="b">BIB_UASJ</subfield>
      <subfield code="d">2011-11-01</subfield>
      <subfield code="y">FL</subfield>
      <subfield code="p">04-41737</subfield>
      <subfield code="i">04-41737</subfield>
      <subfield code="g">10</subfield>
      <subfield code="o">F37(82) A691e 2010</subfield>
      <subfield code="e">Donación</subfield>
      <subfield code="8">CG</subfield>
    </datafield>
    <datafield tag="952" ind1=" " ind2=" ">
      <subfield code="a">BIB_RECT</subfield>
      <subfield code="b">BIB_UASJ</subfield>
      <subfield code="d">2011-11-01</subfield>
      <subfield code="y">FL</subfield>
      <subfield code="p">04-41738</subfield>
      <subfield code="i">04-41738</subfield>
      <subfield code="g">10</subfield>
      <subfield code="o">F37(82) A691e 2010</subfield>
      <subfield code="e">Donación</subfield>
      <subfield code="8">CG</subfield>
    </datafield>
    <datafield tag="952" ind1=" " ind2=" ">
      <subfield code="a">BIB_RECT</subfield>
      <subfield code="b">BIB_UASJ</subfield>
      <subfield code="d">2011-11-01</subfield>
      <subfield code="y">FL</subfield>
      <subfield code="p">04-41739</subfield>
      <subfield code="i">04-41739</subfield>
      <subfield code="g">10</subfield>
      <subfield code="o">F37(82) A691e 2010</subfield>
      <subfield code="e">Donación</subfield>
      <subfield code="8">CG</subfield>
    </datafield>
    <datafield tag="952" ind1=" " ind2=" ">
      <subfield code="a">BIB_RECT</subfield>
      <subfield code="b">SAT_PBNA</subfield>
      <subfield code="d">2012-03-07</subfield>
      <subfield code="y">FL</subfield>
      <subfield code="p">11-42108</subfield>
      <subfield code="i">11-42108</subfield>
      <subfield code="g">12</subfield>
      <subfield code="o">F37(82) A691e 2010</subfield>
      <subfield code="e">Donación</subfield>
      <subfield code="8">CG</subfield>
    </datafield>
    <datafield tag="952" ind1=" " ind2=" ">
      <subfield code="a">BIB_RECT</subfield>
      <subfield code="b">SAT_PBNA</subfield>
      <subfield code="d">2012-03-07</subfield>
      <subfield code="y">FL</subfield>
      <subfield code="p">11-42109</subfield>
      <subfield code="i">11-42109</subfield>
      <subfield code="g">12</subfield>
      <subfield code="o">F37(82) A691e 2010</subfield>
      <subfield code="e">Donación</subfield>
      <subfield code="8">CG</subfield>
    </datafield>
    <datafield tag="952" ind1=" " ind2=" ">
      <subfield code="a">BIB_RECT</subfield>
      <subfield code="b">SAT_GREG</subfield>
      <subfield code="d">2012-03-07</subfield>
      <subfield code="y">FL</subfield>
      <subfield code="p">18-42112</subfield>
      <subfield code="i">18-42112</subfield>
      <subfield code="g">10</subfield>
      <subfield code="o">F37(82) A691e 2010</subfield>
      <subfield code="e">Donación</subfield>
      <subfield code="8">CG</subfield>
    </datafield>
    <datafield tag="952" ind1=" " ind2=" ">
      <subfield code="a">BIB_RECT</subfield>
      <subfield code="b">SAT_GREG</subfield>
      <subfield code="d">2012-03-07</subfield>
      <subfield code="y">FL</subfield>
      <subfield code="p">18-42113</subfield>
      <subfield code="i">18-42113</subfield>
      <subfield code="g">10</subfield>
      <subfield code="o">F37(82) A691e 2010</subfield>
      <subfield code="e">Donación</subfield>
      <subfield code="8">CG</subfield>
    </datafield>
  </record>