
  <record>
    <leader>01000aam  22002601a 4500</leader>
    <controlfield tag="001">YPZ94892</controlfield>
    <controlfield tag="003">YPZ</controlfield>
    <controlfield tag="005">201203221830060</controlfield>
    <controlfield tag="008">120322|###########||||||b||||||||||spa|d</controlfield>
    <datafield tag="040" ind1=" " ind2=" ">
      <subfield code="c">SIUNPA</subfield>
    </datafield>
    <datafield tag="041" ind1=" " ind2=" ">
      <subfield code="a">spa</subfield>
    </datafield>
    <datafield tag="044" ind1=" " ind2=" ">
      <subfield code="a">AR</subfield>
    </datafield>
    <datafield tag="080" ind1=" " ind2=" ">
      <subfield code="a">F616.75 C366d</subfield>
    </datafield>
    <datafield tag="100" ind1=" " ind2=" ">
      <subfield code="a">Catoggio, Luis J..</subfield>
    </datafield>
    <datafield tag="700" ind1=" " ind2=" ">
      <subfield code="a">Soriano, Enrique R..</subfield>
    </datafield>
    <datafield tag="700" ind1=" " ind2=" ">
      <subfield code="a">Imamura, Patricia M..</subfield>
    </datafield>
    <datafield tag="245" ind1=" " ind2=" ">
      <subfield code="a">Dolor lumbar</subfield>
    </datafield>
    <datafield tag="260" ind1=" " ind2=" ">
      <subfield code="a">Buenos Aires</subfield>
      <subfield code="b"> : Collins</subfield>
      <subfield code="c"> , [200-?]</subfield>
    </datafield>
    <datafield tag="440" ind1=" " ind2=" ">
      <subfield code="a">Manual para el médico clínico</subfield>
      <subfield code="a">Manual para el médico clínico</subfield>
      <subfield code="a">Biblioteca nova de Educación</subfield>
      <subfield code="a">Workshop</subfield>
      <subfield code="a">El dolor en preguntas. Respuestas para un diagnóstico</subfield>
      <subfield code="v">fasc. 1</subfield>
    </datafield>
    <datafield tag="490" ind1=" " ind2=" ">
      <subfield code="a">Manual para el médico clínico</subfield>
      <subfield code="a">Manual para el médico clínico</subfield>
      <subfield code="a">Biblioteca nova de Educación</subfield>
      <subfield code="a">Workshop</subfield>
      <subfield code="a">El dolor en preguntas. Respuestas para un diagnóstico</subfield>
      <subfield code="v">fasc. 1</subfield>
    </datafield>
    <datafield tag="650" ind1=" " ind2=" ">
      <subfield code="a"> DOLOR  MUSCULOS</subfield>
    </datafield>
    <datafield tag="942" ind1=" " ind2=" ">
      <subfield code="c">FL</subfield>
    </datafield>
    <datafield tag="952" ind1=" " ind2=" ">
      <subfield code="a">BIB_RECT</subfield>
      <subfield code="b">BIB_UARG</subfield>
      <subfield code="d">2012-03-22</subfield>
      <subfield code="y">FL</subfield>
      <subfield code="p">05-x0194</subfield>
      <subfield code="i">05-x0194</subfield>
      <subfield code="g">8</subfield>
      <subfield code="o">F616.75 C366d</subfield>
      <subfield code="e">Donación Dr. Cucchiarelli, Dino R.</subfield>
      <subfield code="8">CG</subfield>
    </datafield>
  </record>