
  <record>
    <leader>01000aam  22002601a 4500</leader>
    <controlfield tag="001">YPZ94908</controlfield>
    <controlfield tag="003">YPZ</controlfield>
    <controlfield tag="005">201203261934250</controlfield>
    <controlfield tag="008">120326|###########||||||b||||||||||spa|d</controlfield>
    <datafield tag="040" ind1=" " ind2=" ">
      <subfield code="c">SIUNPA</subfield>
    </datafield>
    <datafield tag="041" ind1=" " ind2=" ">
      <subfield code="a">spa</subfield>
    </datafield>
    <datafield tag="044" ind1=" " ind2=" ">
      <subfield code="a">AR</subfield>
    </datafield>
    <datafield tag="080" ind1=" " ind2=" ">
      <subfield code="a">F616.75 R696s</subfield>
    </datafield>
    <datafield tag="100" ind1=" " ind2=" ">
      <subfield code="a">Rodríguez, Roberto Fabián.</subfield>
    </datafield>
    <datafield tag="245" ind1=" " ind2=" ">
      <subfield code="a">Síndrome miofascial</subfield>
    </datafield>
    <datafield tag="260" ind1=" " ind2=" ">
      <subfield code="a">[Buenos Aires]</subfield>
      <subfield code="b"> : Laboratorio Elea</subfield>
      <subfield code="b"> : Phoenix</subfield>
      <subfield code="c"> , [200-?]</subfield>
    </datafield>
    <datafield tag="500" ind1=" " ind2=" ">
      <subfield code="a">La biblioteca posee fasc. 2, 3 y 4</subfield>
    </datafield>
    <datafield tag="505" ind1=" " ind2=" ">
      <subfield code="a">Contenido: fasc.2: Dolor lumbar y lumbociatalgía -- fasc.3: Cefaleas y cervicalgías -- fasc.4: Odontalgías y algias craneofaciales</subfield>
    </datafield>
    <datafield tag="650" ind1=" " ind2=" ">
      <subfield code="a"> CUELLO  CRANEO</subfield>
    </datafield>
    <datafield tag="650" ind1=" " ind2=" ">
      <subfield code="a"> CEFALALGIA </subfield>
    </datafield>
    <datafield tag="650" ind1=" " ind2=" ">
      <subfield code="a"> MUSCULOS</subfield>
    </datafield>
    <datafield tag="650" ind1=" " ind2=" ">
      <subfield code="a"> DOLOR</subfield>
    </datafield>
    <datafield tag="942" ind1=" " ind2=" ">
      <subfield code="c">FL</subfield>
    </datafield>
    <datafield tag="952" ind1=" " ind2=" ">
      <subfield code="a">BIB_RECT</subfield>
      <subfield code="b">BIB_UARG</subfield>
      <subfield code="d">2012-03-27</subfield>
      <subfield code="y">FL</subfield>
      <subfield code="p">05-x0200</subfield>
      <subfield code="i">05-x0200</subfield>
      <subfield code="g">10</subfield>
      <subfield code="o">F616.75 R696s</subfield>
      <subfield code="e">Donación Dr. Cucchiarelli, Dino R.</subfield>
      <subfield code="8">CG</subfield>
    </datafield>
    <datafield tag="952" ind1=" " ind2=" ">
      <subfield code="a">BIB_RECT</subfield>
      <subfield code="b">BIB_UARG</subfield>
      <subfield code="d">2012-03-27</subfield>
      <subfield code="y">FL</subfield>
      <subfield code="p">05-x0201</subfield>
      <subfield code="i">05-x0201</subfield>
      <subfield code="g">10</subfield>
      <subfield code="o">F616.75 R696s</subfield>
      <subfield code="e">Donación Dr. Cucchiarelli, Dino R.</subfield>
      <subfield code="8">CG</subfield>
    </datafield>
    <datafield tag="952" ind1=" " ind2=" ">
      <subfield code="a">BIB_RECT</subfield>
      <subfield code="b">BIB_UARG</subfield>
      <subfield code="d">2012-03-27</subfield>
      <subfield code="y">FL</subfield>
      <subfield code="p">05-x0202</subfield>
      <subfield code="i">05-x0202</subfield>
      <subfield code="g">10</subfield>
      <subfield code="o">F616.75 R696s</subfield>
      <subfield code="e">Donación Dr. Cucchiarelli, Dino R.</subfield>
      <subfield code="8">CG</subfield>
    </datafield>
    <datafield tag="952" ind1=" " ind2=" ">
      <subfield code="a">BIB_RECT</subfield>
      <subfield code="b">BIB_UARG</subfield>
      <subfield code="d">2012-03-27</subfield>
      <subfield code="y">FL</subfield>
      <subfield code="p">05-x0203</subfield>
      <subfield code="i">05-x0203</subfield>
      <subfield code="g">10</subfield>
      <subfield code="o">F616.75 R696s</subfield>
      <subfield code="e">Donación Dr. Cucchiarelli, Dino R.</subfield>
      <subfield code="8">CG</subfield>
    </datafield>
    <datafield tag="952" ind1=" " ind2=" ">
      <subfield code="a">BIB_RECT</subfield>
      <subfield code="b">BIB_UARG</subfield>
      <subfield code="d">2012-03-27</subfield>
      <subfield code="y">FL</subfield>
      <subfield code="p">05-x0204</subfield>
      <subfield code="i">05-x0204</subfield>
      <subfield code="g">10</subfield>
      <subfield code="o">F616.75 R696s</subfield>
      <subfield code="e">Donación Dr. Cucchiarelli, Dino R.</subfield>
      <subfield code="8">CG</subfield>
    </datafield>
  </record>