
  <record>
    <leader>01000aam  22002601a 4500</leader>
    <controlfield tag="001">YPZ95001</controlfield>
    <controlfield tag="003">YPZ</controlfield>
    <controlfield tag="005">201204131504020</controlfield>
    <controlfield tag="008">120413|###########||||||b||||||||||spa|d</controlfield>
    <datafield tag="040" ind1=" " ind2=" ">
      <subfield code="c">SIUNPA</subfield>
    </datafield>
    <datafield tag="041" ind1=" " ind2=" ">
      <subfield code="a">spa</subfield>
    </datafield>
    <datafield tag="044" ind1=" " ind2=" ">
      <subfield code="a">AR</subfield>
    </datafield>
    <datafield tag="080" ind1=" " ind2=" ">
      <subfield code="a">F639.2.05 P474p</subfield>
    </datafield>
    <datafield tag="110" ind1=" " ind2=" ">
      <subfield code="a">Universidad Nacional del Comahue. Proyecto Ecopes, Ecosistema Pesquero Sustentable.</subfield>
    </datafield>
    <datafield tag="245" ind1=" " ind2=" ">
      <subfield code="a">Las pesquerías costeras de invertebrados y peces del Golfo San Matías</subfield>
      <subfield code="b"> : Bases científicas para un manejo sustentable</subfield>
    </datafield>
    <datafield tag="260" ind1=" " ind2=" ">
      <subfield code="a">San Antonio Oeste</subfield>
      <subfield code="b"> : Instituto de Biología Marina y Pesquera Almirante Storni, Universidad Nacional del Comahue</subfield>
      <subfield code="c"> , [2008?]</subfield>
    </datafield>
    <datafield tag="440" ind1=" " ind2=" ">
      <subfield code="a">Cuadernos del Golfo</subfield>
      <subfield code="v">3</subfield>
    </datafield>
    <datafield tag="490" ind1=" " ind2=" ">
      <subfield code="a">Cuadernos del Golfo</subfield>
      <subfield code="v">3</subfield>
    </datafield>
    <datafield tag="500" ind1=" " ind2=" ">
      <subfield code="a">En portada: Bases para el manejo ecosistémico de las pesquerías del Golfo San Matías</subfield>
    </datafield>
    <datafield tag="650" ind1=" " ind2=" ">
      <subfield code="a"> PESCA MARINA</subfield>
    </datafield>
    <datafield tag="650" ind1=" " ind2=" ">
      <subfield code="a"> RECURSOS PESQUEROS</subfield>
    </datafield>
    <datafield tag="650" ind1=" " ind2=" ">
      <subfield code="a"> OPERACIONES PESQUERAS</subfield>
    </datafield>
    <datafield tag="650" ind1=" " ind2=" ">
      <subfield code="a"> GOLFO SAN MATIAS (ARGENTINA)</subfield>
    </datafield>
    <datafield tag="942" ind1=" " ind2=" ">
      <subfield code="c">FL</subfield>
    </datafield>
    <datafield tag="952" ind1=" " ind2=" ">
      <subfield code="a">BIB_RECT</subfield>
      <subfield code="b">BIB_UARG</subfield>
      <subfield code="d">2012-04-10</subfield>
      <subfield code="y">FL</subfield>
      <subfield code="p">05-42287</subfield>
      <subfield code="i">05-42287</subfield>
      <subfield code="g">35</subfield>
      <subfield code="o">F639.2.05 P474p</subfield>
      <subfield code="e">Acuerdo 879</subfield>
      <subfield code="8">CG</subfield>
    </datafield>
    <datafield tag="952" ind1=" " ind2=" ">
      <subfield code="a">BIB_RECT</subfield>
      <subfield code="b">BIB_UARG</subfield>
      <subfield code="d">2012-04-10</subfield>
      <subfield code="y">FL</subfield>
      <subfield code="p">05-42288</subfield>
      <subfield code="i">05-42288</subfield>
      <subfield code="g">35</subfield>
      <subfield code="o">F639.2.05 P474p</subfield>
      <subfield code="e">Acuerdo 879</subfield>
      <subfield code="8">CG</subfield>
    </datafield>
    <datafield tag="952" ind1=" " ind2=" ">
      <subfield code="a">BIB_RECT</subfield>
      <subfield code="b">BIB_UARG</subfield>
      <subfield code="d">2012-04-10</subfield>
      <subfield code="y">FL</subfield>
      <subfield code="p">05-42289</subfield>
      <subfield code="i">05-42289</subfield>
      <subfield code="g">35</subfield>
      <subfield code="o">F639.2.05 P474p</subfield>
      <subfield code="e">Acuerdo 879</subfield>
      <subfield code="8">CG</subfield>
    </datafield>
  </record>