
  <record>
    <leader>01000aam  22002601a 4500</leader>
    <controlfield tag="001">YPZ96529</controlfield>
    <controlfield tag="003">YPZ</controlfield>
    <controlfield tag="005">201211121700040</controlfield>
    <controlfield tag="008">121112|###########||||||b||||||||||spa|d</controlfield>
    <datafield tag="040" ind1=" " ind2=" ">
      <subfield code="c">SIUNPA</subfield>
    </datafield>
    <datafield tag="041" ind1=" " ind2=" ">
      <subfield code="a">spa</subfield>
    </datafield>
    <datafield tag="044" ind1=" " ind2=" ">
      <subfield code="a">AR</subfield>
    </datafield>
    <datafield tag="080" ind1=" " ind2=" ">
      <subfield code="a">F37(82)(091) J194m</subfield>
    </datafield>
    <datafield tag="100" ind1=" " ind2=" ">
      <subfield code="a">Jacques, Amadeo.</subfield>
    </datafield>
    <datafield tag="245" ind1=" " ind2=" ">
      <subfield code="a">Memoria presentada a la comisión encargada de elaborar un plan de instrucción pública general y universitaria - 1865</subfield>
    </datafield>
    <datafield tag="260" ind1=" " ind2=" ">
      <subfield code="a">Buenos Aires</subfield>
      <subfield code="b"> : Universidad de Buenos Aires. Facultad de Filosofía y Letras. Departamento de Ciencias de la Educación</subfield>
      <subfield code="c"> , 1965</subfield>
    </datafield>
    <datafield tag="440" ind1=" " ind2=" ">
      <subfield code="a">Documentos y testimonios. Historia de la Educación argentina</subfield>
      <subfield code="v">D 5</subfield>
    </datafield>
    <datafield tag="490" ind1=" " ind2=" ">
      <subfield code="a">Documentos y testimonios. Historia de la Educación argentina</subfield>
      <subfield code="v">D 5</subfield>
    </datafield>
    <datafield tag="650" ind1=" " ind2=" ">
      <subfield code="a"/>
    </datafield>
    <datafield tag="650" ind1=" " ind2=" ">
      <subfield code="a"> HISTORIA DE LA EDUCACION</subfield>
    </datafield>
    <datafield tag="650" ind1=" " ind2=" ">
      <subfield code="a"> ARGENTINA</subfield>
    </datafield>
    <datafield tag="942" ind1=" " ind2=" ">
      <subfield code="c">FL</subfield>
    </datafield>
    <datafield tag="952" ind1=" " ind2=" ">
      <subfield code="a">BIB_RECT</subfield>
      <subfield code="b">BIB_UASJ</subfield>
      <subfield code="d">2012-11-12</subfield>
      <subfield code="y">FL</subfield>
      <subfield code="p">04-43478</subfield>
      <subfield code="i">04-43478</subfield>
      <subfield code="g">10</subfield>
      <subfield code="o">F37(82)(091) J194m</subfield>
      <subfield code="e">Donación Ossana, Edgardo (Rosario)</subfield>
      <subfield code="8">CG</subfield>
    </datafield>
  </record>