
  <record>
    <leader>01000aam  22002601a 4500</leader>
    <controlfield tag="001">YPZ97776</controlfield>
    <controlfield tag="003">YPZ</controlfield>
    <controlfield tag="005">201306251040000</controlfield>
    <controlfield tag="008">130625|###########||||||b||||||||||spa|d</controlfield>
    <datafield tag="040" ind1=" " ind2=" ">
      <subfield code="c">SIUNPA</subfield>
    </datafield>
    <datafield tag="041" ind1=" " ind2=" ">
      <subfield code="a">spa</subfield>
    </datafield>
    <datafield tag="044" ind1=" " ind2=" ">
      <subfield code="a">AR</subfield>
    </datafield>
    <datafield tag="080" ind1=" " ind2=" ">
      <subfield code="a">F616.8 N494n</subfield>
    </datafield>
    <datafield tag="245" ind1=" " ind2=" ">
      <subfield code="a">Neuropsicofarmacología</subfield>
    </datafield>
    <datafield tag="260" ind1=" " ind2=" ">
      <subfield code="a">[Olivos, Buenos Aires]</subfield>
      <subfield code="b"> : Roche</subfield>
      <subfield code="c"> , [1976?]</subfield>
    </datafield>
    <datafield tag="440" ind1=" " ind2=" ">
      <subfield code="a">Neuropsicofarmacología</subfield>
      <subfield code="v">nos. 1-4</subfield>
    </datafield>
    <datafield tag="490" ind1=" " ind2=" ">
      <subfield code="a">Neuropsicofarmacología</subfield>
      <subfield code="v">nos. 1-4</subfield>
    </datafield>
    <datafield tag="505" ind1=" " ind2=" ">
      <subfield code="a">Contenido: fasc.1: El sistema de las monoaminas: estructura, función y significado --  fasc.2: Metabolismo de las monoaminas -- fasc.3: Origen de las teorías sobre la función de las aminas biógenas en las psicosis funcionales -- fasc.4: Interacción de los psicofármacos con los sistemas monoamínicos</subfield>
    </datafield>
    <datafield tag="650" ind1=" " ind2=" ">
      <subfield code="a"> SISTEMA NERVIOSO  NEUROLOGIA</subfield>
    </datafield>
    <datafield tag="650" ind1=" " ind2=" ">
      <subfield code="a"> CEREBRO</subfield>
    </datafield>
    <datafield tag="650" ind1=" " ind2=" ">
      <subfield code="a"> PSICONEUROFARMACOLOGIA</subfield>
    </datafield>
    <datafield tag="942" ind1=" " ind2=" ">
      <subfield code="c">FL</subfield>
    </datafield>
    <datafield tag="952" ind1=" " ind2=" ">
      <subfield code="a">BIB_RECT</subfield>
      <subfield code="b">BIB_UARG</subfield>
      <subfield code="d">2013-06-25</subfield>
      <subfield code="y">FL</subfield>
      <subfield code="p">05-x0216</subfield>
      <subfield code="i">05-x0216</subfield>
      <subfield code="g">10</subfield>
      <subfield code="o">F616.8 N494n</subfield>
      <subfield code="e">Facultad de Psicología</subfield>
      <subfield code="8">CG</subfield>
    </datafield>
    <datafield tag="952" ind1=" " ind2=" ">
      <subfield code="a">BIB_RECT</subfield>
      <subfield code="b">BIB_UARG</subfield>
      <subfield code="d">2013-06-25</subfield>
      <subfield code="y">FL</subfield>
      <subfield code="p">05-x0217</subfield>
      <subfield code="i">05-x0217</subfield>
      <subfield code="g">10</subfield>
      <subfield code="o">F616.8 N494n</subfield>
      <subfield code="e">Facultad de Psicología</subfield>
      <subfield code="8">CG</subfield>
    </datafield>
    <datafield tag="952" ind1=" " ind2=" ">
      <subfield code="a">BIB_RECT</subfield>
      <subfield code="b">BIB_UARG</subfield>
      <subfield code="d">2013-06-25</subfield>
      <subfield code="y">FL</subfield>
      <subfield code="p">05-x0218</subfield>
      <subfield code="i">05-x0218</subfield>
      <subfield code="g">10</subfield>
      <subfield code="o">F616.8 N494n</subfield>
      <subfield code="e">Facultad de Psicología</subfield>
      <subfield code="8">CG</subfield>
    </datafield>
    <datafield tag="952" ind1=" " ind2=" ">
      <subfield code="a">BIB_RECT</subfield>
      <subfield code="b">BIB_UARG</subfield>
      <subfield code="d">2013-06-25</subfield>
      <subfield code="y">FL</subfield>
      <subfield code="p">05-x0221</subfield>
      <subfield code="i">05-x0221</subfield>
      <subfield code="g">10</subfield>
      <subfield code="o">F616.8 N494n</subfield>
      <subfield code="e">Facultad de Psicología</subfield>
      <subfield code="8">CG</subfield>
    </datafield>
  </record>