
  <record>
    <leader>01000aam  22002601a 4500</leader>
    <controlfield tag="001">YPZ98621</controlfield>
    <controlfield tag="003">YPZ</controlfield>
    <controlfield tag="005">201407011140550</controlfield>
    <controlfield tag="008">140701|###########||||||b||||||||||spa|d</controlfield>
    <datafield tag="040" ind1=" " ind2=" ">
      <subfield code="c">SIUNPA</subfield>
    </datafield>
    <datafield tag="041" ind1=" " ind2=" ">
      <subfield code="a">spa</subfield>
    </datafield>
    <datafield tag="044" ind1=" " ind2=" ">
      <subfield code="a">AR</subfield>
    </datafield>
    <datafield tag="080" ind1=" " ind2=" ">
      <subfield code="a">F338.1 E792e</subfield>
    </datafield>
    <datafield tag="245" ind1=" " ind2=" ">
      <subfield code="a">El estado</subfield>
      <subfield code="b"> : ¡presente!. Un nuevo rumbo tras el fracaso del neoliberalismo</subfield>
      <subfield code="c"> / Fundación Madres de Plaza de Mayo, org. ; Universidad Popular Madres de Plaza de Mayo, org.</subfield>
    </datafield>
    <datafield tag="260" ind1=" " ind2=" ">
      <subfield code="a">Buenos Aires</subfield>
      <subfield code="b"> : Centro de Estudios Económicos y Monitoreo de las Políticas Públicas, CEMoP</subfield>
      <subfield code="c"> , 2010</subfield>
    </datafield>
    <datafield tag="440" ind1=" " ind2=" ">
      <subfield code="a">Serie divulgación de la situación económica Argentina. Documento</subfield>
      <subfield code="v">no. 4</subfield>
    </datafield>
    <datafield tag="490" ind1=" " ind2=" ">
      <subfield code="a">Serie divulgación de la situación económica Argentina. Documento</subfield>
      <subfield code="v">no. 4</subfield>
    </datafield>
    <datafield tag="650" ind1=" " ind2=" ">
      <subfield code="a"> SITUACION ECONOMICA</subfield>
    </datafield>
    <datafield tag="650" ind1=" " ind2=" ">
      <subfield code="a"> CRISIS ECONOMICA</subfield>
    </datafield>
    <datafield tag="650" ind1=" " ind2=" ">
      <subfield code="a"> ARGENTINA</subfield>
    </datafield>
    <datafield tag="942" ind1=" " ind2=" ">
      <subfield code="c">FL</subfield>
    </datafield>
    <datafield tag="952" ind1=" " ind2=" ">
      <subfield code="a">BIB_RECT</subfield>
      <subfield code="b">BIB_UACO</subfield>
      <subfield code="d">2014-07-01</subfield>
      <subfield code="y">FL</subfield>
      <subfield code="p">02-46250</subfield>
      <subfield code="i">02-46250</subfield>
      <subfield code="g">25</subfield>
      <subfield code="o">F338.1 E792e</subfield>
      <subfield code="e">CEMOP</subfield>
      <subfield code="8">CG</subfield>
    </datafield>
  </record>