
  <record>
    <leader>01000aam  22002601a 4500</leader>
    <controlfield tag="001">YPZ98848</controlfield>
    <controlfield tag="003">YPZ</controlfield>
    <controlfield tag="005">201409041051170</controlfield>
    <controlfield tag="008">140904|###########||||||b||||||||||spa|d</controlfield>
    <datafield tag="040" ind1=" " ind2=" ">
      <subfield code="c">SIUNPA</subfield>
    </datafield>
    <datafield tag="041" ind1=" " ind2=" ">
      <subfield code="a">spa</subfield>
    </datafield>
    <datafield tag="044" ind1=" " ind2=" ">
      <subfield code="a">UY</subfield>
    </datafield>
    <datafield tag="080" ind1=" " ind2=" ">
      <subfield code="a">F627.8 C733s</subfield>
    </datafield>
    <datafield tag="110" ind1=" " ind2=" ">
      <subfield code="a">Comisión Técnica Mixta de Salto Grande (Uruguay).</subfield>
    </datafield>
    <datafield tag="245" ind1=" " ind2=" ">
      <subfield code="a">Salto Grande una década</subfield>
    </datafield>
    <datafield tag="260" ind1=" " ind2=" ">
      <subfield code="a">Montevideo</subfield>
      <subfield code="b"> : Comisión Técnica Mixta de Salto Grande</subfield>
      <subfield code="c"> , 1982</subfield>
    </datafield>
    <datafield tag="300" ind1=" " ind2=" ">
      <subfield code="a">71 p. : </subfield>
      <subfield code="a">39 p. : </subfield>
      <subfield code="a">41 p. : </subfield>
      <subfield code="a">[14] h. : </subfield>
      <subfield code="b">il. ; </subfield>
      <subfield code="a">[8] h. : </subfield>
      <subfield code="b">il. ; </subfield>
      <subfield code="a">[9] h. : </subfield>
      <subfield code="b">il. ; </subfield>
      <subfield code="a">48 p. : </subfield>
      <subfield code="b">il. ; </subfield>
      <subfield code="a">24 p. : </subfield>
      <subfield code="b">il. ; </subfield>
      <subfield code="a">29 p. : </subfield>
      <subfield code="a">v. : </subfield>
      <subfield code="b">il. ; </subfield>
      <subfield code="a">[36] h. : </subfield>
      <subfield code="b">il. ; </subfield>
      <subfield code="a">14 h. : </subfield>
      <subfield code="b">il. ; </subfield>
      <subfield code="a">28 h. : </subfield>
      <subfield code="b">il. ; </subfield>
      <subfield code="a">30 p. : </subfield>
      <subfield code="a">12 p. : </subfield>
      <subfield code="a">24 p. : </subfield>
      <subfield code="a">16 p. : </subfield>
      <subfield code="a">13 p. : </subfield>
      <subfield code="a">24 p. : </subfield>
      <subfield code="a">17 p. : </subfield>
      <subfield code="a">19 p. : </subfield>
      <subfield code="a">10 p. : </subfield>
      <subfield code="a">23 h. : </subfield>
      <subfield code="b">il. ; </subfield>
      <subfield code="a">29 p. : </subfield>
      <subfield code="a">46 p. : </subfield>
      <subfield code="a">34 p. : </subfield>
      <subfield code="a">10 h. : </subfield>
      <subfield code="b">il. ; </subfield>
      <subfield code="a">13 h. : </subfield>
      <subfield code="b">il. ; </subfield>
      <subfield code="a">51 p. : </subfield>
      <subfield code="a">52 p. : </subfield>
      <subfield code="a">57 p. : </subfield>
      <subfield code="a">47 p. : </subfield>
      <subfield code="a">24 p. : </subfield>
      <subfield code="a">30 p. : </subfield>
      <subfield code="a">44 p. : </subfield>
      <subfield code="b">il. ; </subfield>
      <subfield code="a">41 p. : </subfield>
      <subfield code="b">il. ; </subfield>
      <subfield code="a">46 p. : </subfield>
      <subfield code="b">il. ; </subfield>
      <subfield code="a">34 p. : </subfield>
      <subfield code="b">il. ; </subfield>
      <subfield code="a">46 p. : </subfield>
      <subfield code="a">32 p. : </subfield>
      <subfield code="b">il. ; </subfield>
      <subfield code="a">[44] p. : </subfield>
      <subfield code="b">il. ; </subfield>
      <subfield code="a">41 p. : </subfield>
      <subfield code="a">16 p. : </subfield>
      <subfield code="a">24 p. : </subfield>
      <subfield code="b">il. ; </subfield>
      <subfield code="a">39 p. : </subfield>
      <subfield code="b">il. ; </subfield>
      <subfield code="b">[2] h. ; </subfield>
      <subfield code="a">35 p. : </subfield>
      <subfield code="a">3 fasc. (42 p.) : </subfield>
      <subfield code="b">il. ; </subfield>
      <subfield code="a">14 p. : </subfield>
      <subfield code="b">il. ; </subfield>
      <subfield code="a">8 p. : </subfield>
      <subfield code="a">14 p. : </subfield>
      <subfield code="b">il. ; </subfield>
      <subfield code="a">14 p. : </subfield>
      <subfield code="b">il. ; </subfield>
      <subfield code="a">fasc. : </subfield>
      <subfield code="b">il. ; </subfield>
      <subfield code="a">14 p. : </subfield>
      <subfield code="b">il. ; </subfield>
      <subfield code="a">24 p. : </subfield>
      <subfield code="b">il. ; </subfield>
      <subfield code="a">20 p. : </subfield>
      <subfield code="b">il. ; </subfield>
      <subfield code="a">45 p. : </subfield>
      <subfield code="b">il. ; </subfield>
      <subfield code="a">32 p. : </subfield>
      <subfield code="b">il. ; </subfield>
      <subfield code="a">27 p. : </subfield>
      <subfield code="a">19 p. : </subfield>
      <subfield code="b">il. ; </subfield>
      <subfield code="a">45 p. : </subfield>
      <subfield code="a">15 p. : </subfield>
      <subfield code="a">30 p. : </subfield>
      <subfield code="a">[36] p. : </subfield>
      <subfield code="a">46 p. : </subfield>
      <subfield code="b">il. ; </subfield>
      <subfield code="a">31 p. : </subfield>
      <subfield code="a">47 p. : </subfield>
      <subfield code="b">il. ; </subfield>
      <subfield code="a">45 p. : </subfield>
      <subfield code="a">32 p. : </subfield>
      <subfield code="a">38 p. : </subfield>
      <subfield code="a">48 p. : </subfield>
      <subfield code="a">[16] h. : </subfield>
      <subfield code="b">il. ; </subfield>
      <subfield code="a">[22] p. : </subfield>
      <subfield code="b">il. ; </subfield>
      <subfield code="a">16 p. : </subfield>
      <subfield code="b">il. ; </subfield>
      <subfield code="a">13 h. : </subfield>
      <subfield code="a">18 h. : </subfield>
      <subfield code="a">47 p. : </subfield>
      <subfield code="a">56 p. : </subfield>
      <subfield code="a">47 p. : </subfield>
      <subfield code="a">32 p. : </subfield>
      <subfield code="a">34 p. : </subfield>
      <subfield code="a">46 p. : </subfield>
      <subfield code="b">cuadros ; </subfield>
      <subfield code="a">46 p. : </subfield>
      <subfield code="a">16 p. : </subfield>
      <subfield code="b">il. ; </subfield>
      <subfield code="a">41 p. : </subfield>
      <subfield code="a">35 p. : </subfield>
      <subfield code="a">vi, 39 p. : </subfield>
      <subfield code="b">il. ; </subfield>
      <subfield code="a">32 p. : </subfield>
      <subfield code="a">30 p. : </subfield>
      <subfield code="a">46 p. : </subfield>
      <subfield code="b">il ; </subfield>
      <subfield code="a">45 p. : </subfield>
      <subfield code="b">il. ; </subfield>
      <subfield code="a">35 p. : </subfield>
      <subfield code="b">il. ; </subfield>
      <subfield code="a">29 p. : </subfield>
      <subfield code="a">44 p. : </subfield>
      <subfield code="a">31 p. : </subfield>
      <subfield code="a">16 p. : </subfield>
      <subfield code="a">20 p. : </subfield>
      <subfield code="a">43 p. : </subfield>
      <subfield code="a">44 p. : </subfield>
      <subfield code="a">[33] p. : </subfield>
      <subfield code="b">il. ; </subfield>
      <subfield code="a">32 p. : </subfield>
      <subfield code="a">24 p. : </subfield>
      <subfield code="a">43 p. : </subfield>
      <subfield code="a">35 p. : </subfield>
      <subfield code="a">26 h. : </subfield>
      <subfield code="a">45 h. : </subfield>
      <subfield code="a">27 p. : </subfield>
      <subfield code="a">47 p. : </subfield>
      <subfield code="a">31 h. : </subfield>
      <subfield code="a">22 h. : </subfield>
      <subfield code="a">21 p. : </subfield>
      <subfield code="a">18 p. : </subfield>
      <subfield code="a">23 p. : </subfield>
      <subfield code="a">38 p. : </subfield>
      <subfield code="a">27 p. : </subfield>
      <subfield code="a">35 p. : </subfield>
      <subfield code="a">42 p. : </subfield>
      <subfield code="a">24 p. : </subfield>
      <subfield code="a">27 p. : </subfield>
      <subfield code="b">il. ; </subfield>
      <subfield code="a">35 p. : </subfield>
      <subfield code="b">il. ; </subfield>
      <subfield code="a">37 p. : </subfield>
      <subfield code="a">39 p. : </subfield>
      <subfield code="a">24 p. : </subfield>
      <subfield code="a">38 p. : </subfield>
      <subfield code="a">46 p. : </subfield>
      <subfield code="a">38 p. : </subfield>
      <subfield code="a">36 p. : </subfield>
      <subfield code="a">4 fasc. : </subfield>
      <subfield code="b">il. ; </subfield>
      <subfield code="a">11 p. : </subfield>
      <subfield code="b">il. ; </subfield>
      <subfield code="a">22 p. : </subfield>
      <subfield code="b">cuadros ; </subfield>
      <subfield code="a">38 p. : </subfield>
      <subfield code="a">48 p. : </subfield>
      <subfield code="a">[34] p. : </subfield>
      <subfield code="a">[28] p. : </subfield>
      <subfield code="b">il. ; </subfield>
      <subfield code="a">27 p. : </subfield>
      <subfield code="b">il. ; </subfield>
      <subfield code="a">p. 85-112 : </subfield>
      <subfield code="b">il. ; </subfield>
      <subfield code="a">p. 73-96 : </subfield>
      <subfield code="b">il. ; </subfield>
      <subfield code="a">35 p. : </subfield>
      <subfield code="a">p. 1-28 : </subfield>
      <subfield code="b">il. ; </subfield>
      <subfield code="a">p. 29-56 : </subfield>
      <subfield code="b">il. ; </subfield>
      <subfield code="a">p. 225-252 : </subfield>
      <subfield code="b">il. ; </subfield>
      <subfield code="a">p. 113-140 : </subfield>
      <subfield code="b">il. ; </subfield>
      <subfield code="a">[43] p. en varias paginaciones : </subfield>
      <subfield code="b">il. ; </subfield>
      <subfield code="a">12 h. : </subfield>
      <subfield code="b">il. ; </subfield>
      <subfield code="a">47 p. : </subfield>
      <subfield code="a">37 p. : </subfield>
      <subfield code="b">il. ; </subfield>
      <subfield code="a">26 p. : </subfield>
      <subfield code="b">il. ; </subfield>
      <subfield code="a">34 p. : </subfield>
      <subfield code="b">il. ; </subfield>
      <subfield code="a">20 p. : </subfield>
      <subfield code="b">il. ; </subfield>
      <subfield code="a">40 p. : </subfield>
      <subfield code="b">il. ; </subfield>
      <subfield code="a">352 p. : </subfield>
      <subfield code="b">il. ; </subfield>
      <subfield code="a">11 p. : </subfield>
      <subfield code="a">20 p. : </subfield>
      <subfield code="a">7 p. : </subfield>
      <subfield code="a">11 p. : </subfield>
      <subfield code="a">v. : </subfield>
      <subfield code="a">31 p. : </subfield>
      <subfield code="b">il. ; </subfield>
      <subfield code="a">[54] p. : </subfield>
      <subfield code="a">[9] p. : </subfield>
      <subfield code="a">37 p. : </subfield>
      <subfield code="b">il. ; </subfield>
      <subfield code="a">34 p. : </subfield>
      <subfield code="a">44 p. : </subfield>
      <subfield code="a">38 p. : </subfield>
      <subfield code="a">14 p. : </subfield>
      <subfield code="a">[26] p. : </subfield>
      <subfield code="a">17 h. : </subfield>
      <subfield code="b">il. ; </subfield>
      <subfield code="a">[17] h. : </subfield>
      <subfield code="b">il. ; </subfield>
      <subfield code="a">[17] h. : </subfield>
      <subfield code="a">44 p. : </subfield>
      <subfield code="b">il., ; </subfield>
      <subfield code="e">1 folleto (12 h.)</subfield>
    </datafield>
    <datafield tag="500" ind1=" " ind2=" ">
      <subfield code="a">En cub.: Resultados de la explotación 1979-1982</subfield>
    </datafield>
    <datafield tag="650" ind1=" " ind2=" ">
      <subfield code="a"> CENTRALES HIDROELECTRICAS</subfield>
    </datafield>
    <datafield tag="650" ind1=" " ind2=" ">
      <subfield code="a"> OBRAS PUBLICAS</subfield>
    </datafield>
    <datafield tag="650" ind1=" " ind2=" ">
      <subfield code="a"> REPRESA HIDROELECTRICA DE SALTO GRANDE</subfield>
    </datafield>
    <datafield tag="650" ind1=" " ind2=" ">
      <subfield code="a"> ARGENTINA </subfield>
    </datafield>
    <datafield tag="650" ind1=" " ind2=" ">
      <subfield code="a"> URUGUAY</subfield>
    </datafield>
    <datafield tag="942" ind1=" " ind2=" ">
      <subfield code="c">FL</subfield>
    </datafield>
    <datafield tag="952" ind1=" " ind2=" ">
      <subfield code="a">BIB_RECT</subfield>
      <subfield code="b">BIB_UACO</subfield>
      <subfield code="d">2014-09-04</subfield>
      <subfield code="y">FL</subfield>
      <subfield code="p">02-02474</subfield>
      <subfield code="i">02-02474</subfield>
      <subfield code="g">59</subfield>
      <subfield code="o">F627.8 C733s</subfield>
      <subfield code="e">UACO</subfield>
      <subfield code="8">CG</subfield>
    </datafield>
  </record>