
  <record>
    <leader>01000aam  22002601a 4500</leader>
    <controlfield tag="001">YPZ99193</controlfield>
    <controlfield tag="003">YPZ</controlfield>
    <controlfield tag="005">201410241126060</controlfield>
    <controlfield tag="008">141024|###########||||||b||||||||||spa|d</controlfield>
    <datafield tag="040" ind1=" " ind2=" ">
      <subfield code="c">SIUNPA</subfield>
    </datafield>
    <datafield tag="041" ind1=" " ind2=" ">
      <subfield code="a">spa</subfield>
    </datafield>
    <datafield tag="044" ind1=" " ind2=" ">
      <subfield code="a">AR</subfield>
    </datafield>
    <datafield tag="080" ind1=" " ind2=" ">
      <subfield code="a">F94'04/14' S129s</subfield>
    </datafield>
    <datafield tag="245" ind1=" " ind2=" ">
      <subfield code="a">Snorre Sturlasson</subfield>
      <subfield code="b"> : Las sagas de los reyes</subfield>
      <subfield code="c"> / Iölster, Nelly E. de, selección, tr. y notas</subfield>
    </datafield>
    <datafield tag="260" ind1=" " ind2=" ">
      <subfield code="a">Buenos Aires</subfield>
      <subfield code="b"> : Departamento de Historia, Facultad de Filosofía y Letras, UBA</subfield>
      <subfield code="c"> , 1985</subfield>
    </datafield>
    <datafield tag="440" ind1=" " ind2=" ">
      <subfield code="a">Historia medieval fuentes</subfield>
      <subfield code="v">no. 23</subfield>
    </datafield>
    <datafield tag="490" ind1=" " ind2=" ">
      <subfield code="a">Historia medieval fuentes</subfield>
      <subfield code="v">no. 23</subfield>
    </datafield>
    <datafield tag="650" ind1=" " ind2=" ">
      <subfield code="a"> HISTORIA MEDIEVAL</subfield>
    </datafield>
    <datafield tag="650" ind1=" " ind2=" ">
      <subfield code="a"> SAGAS </subfield>
    </datafield>
    <datafield tag="650" ind1=" " ind2=" ">
      <subfield code="a"> VIKINGOS</subfield>
    </datafield>
    <datafield tag="650" ind1=" " ind2=" ">
      <subfield code="a"> EDAD MEDIA</subfield>
    </datafield>
    <datafield tag="942" ind1=" " ind2=" ">
      <subfield code="c">FL</subfield>
    </datafield>
    <datafield tag="952" ind1=" " ind2=" ">
      <subfield code="a">BIB_RECT</subfield>
      <subfield code="b">BIB_UARG</subfield>
      <subfield code="d">2014-10-24</subfield>
      <subfield code="y">FL</subfield>
      <subfield code="p">05-09782</subfield>
      <subfield code="i">05-09782</subfield>
      <subfield code="g">59</subfield>
      <subfield code="o">F94'04/14' S129s</subfield>
      <subfield code="e">Don. Forteza, Raquel</subfield>
      <subfield code="8">CG</subfield>
    </datafield>
  </record>