
  <record>
    <leader>01000aam  22002601a 4500</leader>
    <controlfield tag="001">YPZ99196</controlfield>
    <controlfield tag="003">YPZ</controlfield>
    <controlfield tag="005">201411031539210</controlfield>
    <controlfield tag="008">141103|###########||||||b||||||||||spa|d</controlfield>
    <datafield tag="040" ind1=" " ind2=" ">
      <subfield code="c">SIUNPA</subfield>
    </datafield>
    <datafield tag="041" ind1=" " ind2=" ">
      <subfield code="a">spa</subfield>
    </datafield>
    <datafield tag="044" ind1=" " ind2=" ">
      <subfield code="a">AR</subfield>
    </datafield>
    <datafield tag="080" ind1=" " ind2=" ">
      <subfield code="a">F159.9.072 S988t</subfield>
    </datafield>
    <datafield tag="100" ind1=" " ind2=" ">
      <subfield code="a">Symonds, Percival M..</subfield>
    </datafield>
    <datafield tag="245" ind1=" " ind2=" ">
      <subfield code="a">Test de cuadros para adolescentes</subfield>
      <subfield code="c"> / Bernstein, Jaime, supervisión ; Piatigorsky, Jorge, versión castellana</subfield>
    </datafield>
    <datafield tag="250" ind1=" " ind2=" ">
      <subfield code="a">1a ed.</subfield>
    </datafield>
    <datafield tag="260" ind1=" " ind2=" ">
      <subfield code="a">Buenos Aires</subfield>
      <subfield code="b"> : Paidós</subfield>
      <subfield code="c"> , 1969</subfield>
    </datafield>
    <datafield tag="300" ind1=" " ind2=" ">
      <subfield code="a">17 p. : </subfield>
      <subfield code="b">il. ; </subfield>
      <subfield code="a">30 p. : </subfield>
      <subfield code="a">25 p. : </subfield>
      <subfield code="a">32 p : </subfield>
      <subfield code="a">15 h. : </subfield>
      <subfield code="a">[44] p. : </subfield>
      <subfield code="b">il. ; </subfield>
      <subfield code="a">[20] p. : </subfield>
      <subfield code="b">il. ; </subfield>
      <subfield code="a">44 p. : </subfield>
      <subfield code="a">17 p. : </subfield>
      <subfield code="a">53 h. : </subfield>
      <subfield code="a">[22] p. : </subfield>
      <subfield code="b">il. ; </subfield>
      <subfield code="a">43 p. : </subfield>
      <subfield code="b">il. ; </subfield>
      <subfield code="a">61  p. : </subfield>
      <subfield code="a">31 p. : </subfield>
      <subfield code="b">il. ; </subfield>
      <subfield code="e">20 láminas sueltas + 1 Guía para el análisis de las historias</subfield>
    </datafield>
    <datafield tag="440" ind1=" " ind2=" ">
      <subfield code="a">Biblioteca de psicometría y psicodiagnóstico. Serie mayor</subfield>
      <subfield code="v">v. 20</subfield>
    </datafield>
    <datafield tag="490" ind1=" " ind2=" ">
      <subfield code="a">Biblioteca de psicometría y psicodiagnóstico. Serie mayor</subfield>
      <subfield code="v">v. 20</subfield>
    </datafield>
    <datafield tag="650" ind1=" " ind2=" ">
      <subfield code="a"> PSICODIAGNOSTICO</subfield>
    </datafield>
    <datafield tag="650" ind1=" " ind2=" ">
      <subfield code="a"> TESTS DE PERSONALIDAD</subfield>
    </datafield>
    <datafield tag="650" ind1=" " ind2=" ">
      <subfield code="a"> TEST DE SYMONDS</subfield>
    </datafield>
    <datafield tag="942" ind1=" " ind2=" ">
      <subfield code="c">FL</subfield>
    </datafield>
    <datafield tag="952" ind1=" " ind2=" ">
      <subfield code="a">BIB_RECT</subfield>
      <subfield code="b">BIB_UARG</subfield>
      <subfield code="d">2014-10-22</subfield>
      <subfield code="y">FL</subfield>
      <subfield code="p">05-46847</subfield>
      <subfield code="i">05-46847</subfield>
      <subfield code="g">100</subfield>
      <subfield code="o">F159.9.072 S988t</subfield>
      <subfield code="e">Donación</subfield>
      <subfield code="8">CG</subfield>
    </datafield>
  </record>