
  <record>
    <leader>01000aam  22002601a 4500</leader>
    <controlfield tag="001">YPZ100097</controlfield>
    <controlfield tag="003">YPZ</controlfield>
    <controlfield tag="005">201605261130190</controlfield>
    <controlfield tag="008">160526|###########||||||b||||||||||spa|d</controlfield>
    <datafield tag="040" ind1=" " ind2=" ">
      <subfield code="c">SIUNPA</subfield>
    </datafield>
    <datafield tag="041" ind1=" " ind2=" ">
      <subfield code="a">spa</subfield>
    </datafield>
    <datafield tag="044" ind1=" " ind2=" ">
      <subfield code="a">AR</subfield>
    </datafield>
    <datafield tag="080" ind1=" " ind2=" ">
      <subfield code="a">657 C961c</subfield>
    </datafield>
    <datafield tag="245" ind1=" " ind2=" ">
      <subfield code="a">Cuaderno didáctico no. 1</subfield>
      <subfield code="b"> : resoluciones generales no. 3419/91 y no. 3803/94</subfield>
    </datafield>
    <datafield tag="250" ind1=" " ind2=" ">
      <subfield code="a">ed. ampliada y actualizada</subfield>
    </datafield>
    <datafield tag="260" ind1=" " ind2=" ">
      <subfield code="a">Buenos Aires</subfield>
      <subfield code="b"> : AD ASTRA</subfield>
      <subfield code="c"> , [1984?]</subfield>
    </datafield>
    <datafield tag="500" ind1=" " ind2=" ">
      <subfield code="a">Formularios AD ASTRA</subfield>
    </datafield>
    <datafield tag="500" ind1=" " ind2=" ">
      <subfield code="a">	Datos tomados de la cubierta</subfield>
    </datafield>
    <datafield tag="505" ind1=" " ind2=" ">
      <subfield code="a">Contenido: 1. Orden de compra - 2. Nota de pedido - 3. Remito - 4. Factura A - 5. Factura B - 6. Nota de débito A - 7. Nota de crédito B - 8. Venta contado B - 9. Resúmen de cuenta - 10. Recibo autorizado - 11. Recibo común (2) - 12. Recibo alquiler (1) - 14. Pagaré sin protesto (2) - 15. Pagaré en U$$ sin cambio - 16. Pagaré en U$$ c/cambio a $ - 17. Vale por (2) - 18. Boleta depósito (2) - 19. Boleta depósito (2) - 20. Cheques (2) - 21. Cheques (2) - 22. Acción S.A. al portador (2) - 23. Acción S.A. nominativa (2)</subfield>
    </datafield>
    <datafield tag="650" ind1=" " ind2=" ">
      <subfield code="a"> CONTABILIDAD</subfield>
    </datafield>
    <datafield tag="650" ind1=" " ind2=" ">
      <subfield code="a"> ACTIVIDADES DE APRENDIZAJE</subfield>
    </datafield>
    <datafield tag="650" ind1=" " ind2=" ">
      <subfield code="a"> SECUNDARIA</subfield>
    </datafield>
    <datafield tag="942" ind1=" " ind2=" ">
      <subfield code="c">FL</subfield>
    </datafield>
    <datafield tag="952" ind1=" " ind2=" ">
      <subfield code="a">BIB_RECT</subfield>
      <subfield code="b">BIB_UACO</subfield>
      <subfield code="d">2016-05-26</subfield>
      <subfield code="y">FL</subfield>
      <subfield code="p">02-03830</subfield>
      <subfield code="i">02-03830</subfield>
      <subfield code="g">68</subfield>
      <subfield code="o">657 C961c</subfield>
      <subfield code="e">UACO</subfield>
      <subfield code="8">CG</subfield>
    </datafield>
  </record>