
  <record>
    <leader>01000aam  22002601a 4500</leader>
    <controlfield tag="001">YPZ100144</controlfield>
    <controlfield tag="003">YPZ</controlfield>
    <controlfield tag="005">201606070915190</controlfield>
    <controlfield tag="008">160607|###########||||||b||||||||||spa|d</controlfield>
    <datafield tag="040" ind1=" " ind2=" ">
      <subfield code="c">SIUNPA</subfield>
    </datafield>
    <datafield tag="041" ind1=" " ind2=" ">
      <subfield code="a">eng</subfield>
    </datafield>
    <datafield tag="044" ind1=" " ind2=" ">
      <subfield code="a">CL</subfield>
      <subfield code="a">JP</subfield>
    </datafield>
    <datafield tag="080" ind1=" " ind2=" ">
      <subfield code="a">F639.211 Z23s</subfield>
    </datafield>
    <datafield tag="100" ind1=" " ind2=" ">
      <subfield code="a">Zama, Akira.</subfield>
    </datafield>
    <datafield tag="700" ind1=" " ind2=" ">
      <subfield code="a">Cárdenas G., Eduardo.</subfield>
    </datafield>
    <datafield tag="110" ind1=" " ind2=" ">
      <subfield code="a">Servicio Nacional de Pesca (Chile).</subfield>
    </datafield>
    <datafield tag="710" ind1=" " ind2=" ">
      <subfield code="a">Japan International Cooperation Agency (Japón).</subfield>
    </datafield>
    <datafield tag="245" ind1=" " ind2=" ">
      <subfield code="a">Some biological observations of wild brown trout (salmo trutta) in the Aysén and Salto Rivers, southern</subfield>
    </datafield>
    <datafield tag="260" ind1=" " ind2=" ">
      <subfield code="a">Santiago de Chile</subfield>
      <subfield code="a">Tokyo</subfield>
      <subfield code="b"> : Servicio Nacional de Pesca, Ministerio de Economía, Fomento y Reconstrucción</subfield>
      <subfield code="b"> : Japan International Cooperation Agency</subfield>
      <subfield code="c"> , 1983</subfield>
    </datafield>
    <datafield tag="440" ind1=" " ind2=" ">
      <subfield code="a">Separatas / ERREPAR</subfield>
      <subfield code="a">Separatas / ERREPAR</subfield>
      <subfield code="a">Introduction into Aysen Chile of Pacific Salmon</subfield>
      <subfield code="v">no. 6</subfield>
    </datafield>
    <datafield tag="490" ind1=" " ind2=" ">
      <subfield code="a">Separatas / ERREPAR</subfield>
      <subfield code="a">Separatas / ERREPAR</subfield>
      <subfield code="a">Introduction into Aysen Chile of Pacific Salmon</subfield>
      <subfield code="v">no. 6</subfield>
    </datafield>
    <datafield tag="650" ind1=" " ind2=" ">
      <subfield code="a"> PESCA</subfield>
    </datafield>
    <datafield tag="650" ind1=" " ind2=" ">
      <subfield code="a"> SALMON</subfield>
    </datafield>
    <datafield tag="650" ind1=" " ind2=" ">
      <subfield code="a"> CHILE</subfield>
    </datafield>
    <datafield tag="942" ind1=" " ind2=" ">
      <subfield code="c">FL</subfield>
    </datafield>
    <datafield tag="952" ind1=" " ind2=" ">
      <subfield code="a">BIB_RECT</subfield>
      <subfield code="b">BIB_UARG</subfield>
      <subfield code="d">2016-06-02</subfield>
      <subfield code="y">FL</subfield>
      <subfield code="p">05-15365</subfield>
      <subfield code="i">05-15365</subfield>
      <subfield code="g">80</subfield>
      <subfield code="o">F639.211 Z23s</subfield>
      <subfield code="e">PERRONI, MARIO</subfield>
      <subfield code="8">CG</subfield>
    </datafield>
  </record>